1648 2452
515 115 701 152 LIBER
743 113 1018 161 QUINTUS.
1377 122 1420 158 17

110 202 189 237 Aut
216 199 334 237 aliurn
362 199 504 245 subter,
532 205 668 236 contra
696 197 762 246 qui
791 198 979 235 subvehat
1007 197 1154 242 orbem,
1350 206 1422 244 515

33 306 36 307 ⁷
105 263 167 301 .Ut
194 261 331 300 fluvios
358 273 511 299 versare
537 268 644 298 rotas
673 268 792 308 atque
821 261 979 297 haustra
1006 260 1191 297 videmus.

47 323 77 370 ζ
110 327 180 367 Est
199 325 324 380 Vetiawm
352 337 510 375 quoque
537 324 593 363 uti
621 324 743 373 possit:
772 325 924 362 caelum
952 336 1070 361 omne
1099 335 1255 361 manere

109 391 157 428 In
186 389 352 428 statione
381 397 513 427 tamen
542 402 631 428 curn
661 389 792 426 lucida
820 388 931 438 signa
958 390 1151 434 ferantur3

108 454 197 492 Sive
224 454 334 503 quod
361 452 500 491 inclusi
528 452 654 502 rapidi
683 459 772 490 sunt
801 451 968 490 aetheris
996 459 1125 490 aestus

109 517 429 565 Quaerentesque
458 516 560 554 viam
590 516 736 553 circum
764 522 966 553 versantur
993 523 1032 553 et
1061 515 1169 563 ignes
1354 526 1427 558 ⁴320

110 581 259 619 Passim
287 594 356 631 per
383 581 481 620 caeli
509 583 670 619 volvunt
698 580 925 620 Summania
953 582 1124 629 templa3

109 644 197 683 Sive
225 645 382 683 aliunde
411 645 535 683 fluens
564 644 749 682 alicunde
778 644 1015 682 extrinsecus
1045 657 1111 681 aer

109 710 248 746 Versat
275 721 395 757 agens
423 708 556 757 ignes3
596 707 675 745 sive
704 707 780 756 ipsi
810 720 962 756 serpere
990 714 1153 755 possunt

110 772 202 821 Quo
228 771 415 820 cuiusque
443 770 553 808 cibus
583 778 697 808 vocat
726 778 844 819 atque
873 769 1010 807 invitat
1040 778 1188 815 euntes,

110 837 312 873 Flammea
339 848 408 884 per
436 835 588 871 caelum
618 840 824 882 pascentes
854 845 1017 881 corpora
1044 833 1200 881 passim.
1355 844 1426 881 525

112 901 216 936 Nam
245 897 338 947 quid
367 897 407 934 in
435 898 512 935 hoc
539 897 690 934 mundo
719 895 768 934 sit
798 908 932 933 eorum
962 908 1109 944 ponere
1137 903 1285 934 certum

113 962 280 1001 Difficile
308 969 390 1009 est3
428 962 498 1000 sed
527 961 621 1011 quid
650 960 774 1010 possit
802 962 947 1009 fiatque
976 972 1045 1008 per
1073 973 1191 998 omne

114 1027 160 1063 In
187 1025 300 1063 variis
328 1024 486 1062 mundis
514 1023 619 1061 varia
647 1022 795 1061 ratione
824 1022 974 1068 creatis,

113 1090 162 1128 Id
188 1090 316 1128 doceo
343 1090 552 1138 pluresque
581 1101 722 1137 sequor
749 1086 958 1136 disponere
986 1099 1134 1133 causaS,

114 1153 289 1192 Motibus
317 1160 506 1191 astrorum
535 1164 637 1201 quae
667 1150 820 1200 possint
848 1163 932 1188 esse
962 1163 1031 1199 per
1059 1162 1204 1195 omne3
1357 1162 1375 1198 5
1384 1163 1432 1198 30

113 1219 146 1255 E
175 1217 317 1266 quibus
345 1230 424 1255 una
452 1224 586 1254 tamen
616 1215 663 1254 sit
692 1215 731 1253 in
760 1217 837 1253 hoc
867 1228 1026 1264 quoque
1055 1228 1173 1252 causa
1201 1224 1397 1252 necessest

113 1282 227 1330 Quae
253 1288 391 1331 vegeat
418 1288 571 1319 motum
601 1280 749 1329 signis;
781 1280 851 1318 sed
881 1292 981 1329 quae
1010 1280 1058 1317 sit
1087 1292 1221 1317 earum

115 1343 342 1394 Praecipere
370 1344 714 1393 haudquaquamst
743 1342 1029 1392 pedetemptim
1058 1342 1353 1396 progrediQ-Kffi

166 1410 364 1458 Terraque
393 1416 435 1446 ut
463 1408 503 1445 in
533 1407 664 1446 media
691 1406 828 1445 mundi
858 1406 1015 1456 regione
1045 1395 1251 1454 quiescat,-

117 1475 358 1511 Evanescere
390 1471 578 1521 paulatim
609 1479 646 1510 et
676 1471 902 1510 decrescere
930 1471 1089 1520 pondus
1358 1481 1432 1518 535

115 1538 320 1583 Convenit,
351 1544 467 1586 atque
496 1536 611 1573 aliam
641 1543 818 1573 naturam
848 1535 981 1573 subter
1000 1535 1153 1584 'habere

116 1604 176 1640 Ex
202 1601 361 1640 ineunte
389 1614 486 1639 aevo
515 1600 765 1638 coniunctam
795 1607 912 1648 atque
940 1598 1067 1637 uniter
1094 1605 1229 1648 aptam

117 1666 294 1705 Partibus
323 1665 435 1704 aeriis
464 1664 599 1702 mundi
628 1664 770 1713 quibus
799 1663 914 1701 insita
944 1662 1049 1701 vivit.
1106 1687 1108 1689 ·

118 1732 328 1779 Propterea
356 1742 437 1768 non
466 1736 524 1767 est
553 1728 662 1767 oneri
689 1741 820 1777 neque
848 1726 1031 1777 deprimit
1060 1739 1201 1774 auras;

118 1796 173 1834 Ut
201 1807 271 1832 sua
297 1793 437 1843 cuique
466 1792 616 1831 homini
644 1794 752 1831 nullo
781 1799 870 1830 sunt
898 1791 1073 1840 pondere
1102 1792 1278 1829 membra
1362 1802 1436 1839 540

118 1859 204 1896 Nec
231 1865 348 1907 caput
376 1864 435 1896 est
463 1856 571 1895 oneri
600 1857 703 1894 collo
732 1868 806 1894 nec
836 1854 1006 1904 denique
1035 1861 1161 1892 totum

117 1920 302 1970 Corporis
330 1920 371 1958 in
399 1919 567 1969 pedibus
595 1919 754 1968 pondus
783 1917 972 1956 sentimus
1001 1917 1129 1955 inesse
1145 1931 1156 1964 3

120 1986 171 2022 At
198 1995 468 2032 quaecumque
496 1981 588 2021 foris
617 1983 779 2020 veniunt
807 1981 1057 2030 impostaque
1085 1979 1199 2018 nobis

121 2047 301 2085 Pondera
327 2053 418 2084 sunt
441 2046 612 2092 laedunt,
643 2045 838 2094 permulto
867 2056 983 2093 saepe
1011 2043 1171 2082 minora.

121 2110 260 2159 Usque'
287 2110 388 2148 adeo
416 2109 547 2159 magni
573 2110 688 2148 refert
716 2108 811 2157 quid
840 2119 1020 2157 quaeque
1049 2107 1167 2146 obeat
1195 2119 1267 2144 res.
1361 2117 1435 2156 545

121 2173 185 2212 Sic
211 2173 327 2223 igitur
354 2174 469 2211 tellus
498 2186 579 2212 non
609 2180 667 2211 est
696 2173 823 2210 aliena
851 2178 1014 2220 repente

123 2238 251 2276 Allata
278 2245 396 2286 atque
423 2237 523 2275 auris
552 2238 710 2275 aliunde
739 2236 893 2275 obiecta
922 2236 1068 2281 alienis,
