1648 2452
439 123 445 134 k
481 53 483 59 v
541 83 724 119 LIBER
767 82 1045 129 QUINTUS.
1408 94 1452 130 13

136 169 257 207 Posse
285 166 368 206 dari
397 168 547 206 finem?
583 169 645 206 vel
672 180 765 206 cum
794 169 853 206 sol
882 176 920 205 et
949 180 1071 221 vapor
1100 166 1226 204 omnis

135 232 329 272 Omnibus
357 231 484 281 epotis
511 231 714 270 umoribus
744 231 1027 282 exsuperarint:

135 296 256 345 Quod
272 297 399 335 facere
418 295 638 344 intendunt,
660 309 789 347 neque
809 297 939 335 adhuc
959 303 1101 335 conata
1121 303 1339 346 patrarunt:
1376 298 1449 346 385

133 361 305 398 Tantum
333 359 585 410 suppeditant
612 373 748 399 amnes
777 362 957 410 ultraque
986 360 1184 398 minantur

134 422 280 463 Omnia
307 424 495 464 diluviare
523 438 571 463 ex
599 426 680 464 alto
709 425 859 475 gurgite
887 425 1001 475 poffti
1017 439 1026 472 ;

133 487 396 538 Nequiquam,
426 489 613 541 quoniam
643 498 839 528 verrentes
868 503 1040 539 aequora
1067 488 1174 527 venti

133 552 375 592 Deminuunt
403 550 600 604 radiisque
628 548 806 605 retexens
835 554 1029 593 aetherius
1059 555 1130 600 sol,

133 619 183 656 Et
210 617 355 657 siccare
382 617 487 668 prius
515 620 719 657 confidunt
748 619 881 657 omnia
910 631 1026 667 posse
1374 630 1451 667 390

132 682 262 730 Quam
284 675 418 732 {iduor
446 682 592 733 incepti
621 683 747 732 possit
776 682 1003 731 contingere
1032 683 1161 720 finem.

130 740 303 785 Tantum
331 747 521 797 spirantes
550 761 679 797 aequo
707 747 922 786 certamine
951 747 1096 785 bellum

131 809 288 860 Magnis
317 809 416 849 inter
444 823 485 849 se
513 811 564 849 de
591 812 707 849 rebus
736 823 893 848 cernere
922 817 1083 856 certant,

131 875 231 912 Cum
259 875 378 913 semel
408 874 556 913 interea
583 874 696 913 fuerit
725 874 969 924 superantior
998 873 1097 923 ignis

131 938 181 975 Et
208 938 340 985 semel,
370 945 412 976 ut
439 939 545 976 fama
572 945 642 984 est,
673 951 786 976 umor
814 937 983 987 regnarit
1012 938 1053 975 in
1081 937 1191 976 arvis.
1375 949 1448 986 395

130 1002 235 1052 Ignis
264 1002 367 1041 enim
397 1010 552 1052 superat
580 1010 618 1041 et
646 1003 824 1041 lambens
854 1003 977 1040 multa
1005 1003 1183 1051 perussit,

128 1066 228 1105 Avia
255 1079 344 1105 cum
374 1068 622 1105 Phaethonta
649 1080 769 1115 rapax
796 1066 852 1105 vis
882 1066 974 1104 solis
1004 1079 1192 1115 equorum

129 1131 296 1169 Aethere
323 1131 489 1180 raptavit
517 1138 601 1169 toto
630 1138 828 1180 terrasque
858 1144 928 1180 per
956 1143 1104 1169 omnes.

128 1197 181 1233 At
208 1203 318 1245 pater
345 1195 596 1244 omnipotens
625 1194 680 1233 ira
707 1202 790 1233 turn
820 1194 988 1244 percitus
1016 1195 1096 1233 acri

129 1258 427 1309 Magnanimum
458 1259 707 1297 Phaethonta
734 1259 887 1308 repenti
916 1259 1089 1297 fulminis
1117 1258 1197 1297 ictu
1372 1274 1449 1307 400

129 1324 360 1363 Deturbavit
388 1324 498 1374 equis
527 1324 568 1362 in
596 1323 750 1371 terram,
781 1326 919 1374 solque
948 1323 1106 1363 cadenti

128 1389 278 1428 Obvius
306 1396 505 1428 aeternam
534 1389 709 1438 succepit
737 1389 922 1438 lampada
950 1389 1088 1427 mundi

128 1451 403 1502 Disiectosque
430 1452 579 1502 redegit
608 1465 730 1502 equos
760 1452 963 1502 iunxitque
993 1460 1216 1501 trementes,

128 1517 228 1556 Inde
256 1530 370 1556 suurn
398 1530 467 1567 per
493 1517 565 1555 iter
591 1515 777 1555 recreavit
804 1524 947 1555 cuncta
974 1518 1207 1566 gubernans,

127 1581 281 1621 Scilicet
309 1589 353 1621 ut
378 1589 529 1621 veteres
559 1581 720 1620 Graium
750 1581 926 1620 cecinere
955 1588 1106 1630 poetae.
1371 1595 1445 1632 405

128 1646 246 1694 Quod
273 1647 410 1696 procul
434 1659 458 1684 a
484 1658 575 1684 vera
602 1645 718 1683 nimis
746 1652 806 1684 est
834 1645 984 1684 ratione
1012 1648 1220 1696 repulsum.

128 1709 234 1760 Ignis
264 1710 368 1749 enim
398 1723 581 1760 superare
608 1718 741 1760 potest
768 1710 835 1750 ubi
865 1710 1041 1750 materiai

128 1775 189 1811 Ex
215 1772 367 1813 infinito
396 1782 485 1812 sunt
514 1787 681 1824 corpora
709 1775 821 1823 plura
848 1783 984 1813 coorta
1000 1790 1010 1823 3

128 1838 228 1876 Inde
255 1838 402 1876 cadunt
429 1837 530 1876 vires
558 1838 689 1887 aliqua
715 1839 866 1878 ratione
894 1839 1074 1887 revictae,

127 1904 205 1941 Aut
232 1908 397 1952 pereunt
423 1915 484 1942 res
512 1909 672 1941 exustae
700 1903 934 1943 torrentibus
962 1904 1074 1942 auris.
1371 1918 1446 1950 410

129 1966 255 2005 Umor
280 1966 376 2005 item
406 1968 608 2016 quondam
637 1967 768 2017 coepit
797 1980 978 2017 superare
1007 1974 1174 2014 coortus,

127 2030 185 2068 Ut
211 2031 316 2068 fama
344 2037 411 2078 est,
442 2031 647 2070 hominum
676 2032 819 2070 multas
849 2032 1009 2081 quando
1038 2031 1168 2070 obruit
1196 2031 1319 2070 urbes.

127 2093 228 2131 Inde
255 2094 322 2132 ubi
350 2094 408 2133 vis
436 2094 568 2145 aliqua
595 2096 746 2134 ratione
773 2108 908 2134 aversa
934 2095 1105 2142 recessit,

128 2159 186 2194 Ex
213 2156 366 2197 infinito
393 2159 518 2197 fuerat
546 2171 818 2208 quaecumque
847 2166 992 2206 coorta,

128 2220 396 2260 Constiterunt
424 2222 567 2260 imbres
597 2230 635 2261 et
663 2222 825 2260 flumina
853 2224 931 2260 vim
961 2223 1192 2261 minuerunt.
1369 2235 1442 2273 415
