1648 2452
180 113 227 147 42
523 102 612 138 DE
647 102 874 140 RERUM
902 103 1146 141 NATURA

178 186 264 223 Nec
292 184 441 223 ratione
460 185 546 232 alia
573 192 739 234 possunt
767 192 847 223 tam
877 185 978 224 levia
1004 185 1110 235 gigni

177 249 313 287 Insilia
342 263 388 287 ac
415 249 499 295 fusi,
530 245 628 288 radii
657 248 845 298 scapique
874 257 1068 288 sonantes.

177 315 226 352 Et
254 314 379 352 facere
407 321 499 352 ante
526 312 628 352 viros
657 314 788 351 lanam
817 319 955 351 natura
983 314 1112 362 coegit

176 379 307 427 Quam
335 377 524 416 muliebre
552 390 698 427 genus3
736 390 827 415 narn
856 378 973 427 longe
1001 384 1174 426 praestat
1203 377 1242 416 in
1271 386 1352 417 arte
1398 391 1495 428 1355

176 445 226 481 Et
255 443 446 481 sollertius
475 450 532 480 est
561 443 685 480 multo
713 455 835 491 genus
864 455 982 481 omne
1010 440 1117 480 virile
1133 456 1143 489 ;

177 509 380 558 Agricolae
408 508 536 546 donec
564 506 659 545 vitio
686 515 834 545 vertere
863 507 997 555 severi,

177 575 234 612 Ut
261 571 514 610 muliebribus
542 571 584 610 id
611 571 792 609 manibus
821 572 1040 609 concedere
1068 572 1213 610 vellent

176 640 306 688 Atque
333 636 408 686 ipsi
435 636 579 686 pariter
607 636 746 674 durum
775 637 932 675 sufferre
960 637 1134 675 laborem

178 705 305 751 Atque
333 714 453 750 opere
481 700 521 738 in
550 701 648 739 duro
677 701 859 739 durarent
889 701 1064 738 membra
1091 713 1318 750 manusque.

229 769 281 804 At
309 765 509 815 specimen
538 764 700 803 sationis
729 773 767 803 et
796 764 989 803 insitionis
1018 764 1126 815 origo

178 833 270 881 Ipsa
296 830 368 868 fuit
396 843 522 868 rerum
553 829 722 879 primum
752 838 891 868 natura
919 831 1090 877 creatrix,

177 894 390 933 Arboribus
419 894 604 943 quoniam
633 893 753 931 bacae
781 893 1021 943 glandesque
1051 894 1224 932 caducae

177 957 430 1008 Tempestiva
457 957 606 995 dabant
633 958 827 1006 pullorum
857 956 1037 995 examina
1064 958 1221 1003 subter;

179 1023 299 1061 Unde
327 1021 445 1059 etiam
474 1018 834 1069 libitumst‘stirpes
863 1017 1251 1058 committere'ramis

177 1088 226 1124 Et
255 1098 358 1123 nova
385 1085 572 1123 defodere
599 1083 640 1121 in
669 1090 809 1122 terram
838 1083 1002 1133 virgulta
1030 1097 1100 1133 per
1127 1097 1250 1134 agros.

181 1149 282 1187 Inde
309 1148 426 1186 aliam
455 1155 573 1196 atque
601 1147 718 1185 aliam
746 1148 938 1186 culturam
968 1148 1093 1186 dulcis
1122 1150 1234 1198 agelli

177 1214 444 1264 Temptabant
472 1214 694 1262 fructusque
722 1213 823 1251 feros
852 1225 1123 1251 mansuescere
1152 1221 1291 1251 terram

179 1280 402 1332 Cemebant
430 1277 672 1327 indulgendo
701 1277 924 1327 blandeque
952 1278 1133 1316 colendo.

179 1347 305 1394 Inque
334 1343 417 1382 dies
446 1342 568 1392 magis
596 1342 636 1380 in
664 1349 840 1380 montem
869 1343 1078 1381 succedere
1106 1343 1221 1381 silvas

179 1409 384 1458 Cogebant
411 1407 587 1456 infraque
614 1407 746 1444 locum
775 1407 994 1446 concedere
1023 1408 1147 1454 cultis,

179 1476 294 1512 Prata
320 1474 427 1512 lacus
455 1471 558 1510 rivos
587 1479 738 1521 segetes
766 1471 974 1521 vinetaque
1003 1473 1105 1510 laeta

179 1539 354 1579 Collibus
383 1545 422 1576 et
449 1537 598 1586 campis
626 1544 669 1574 ut
696 1536 896 1583 haberent,
925 1544 1043 1585 atque
1072 1537 1243 1575 olearum

180 1606 345 1644 Caerula
373 1603 614 1652 distinguens
644 1602 745 1641 inter
772 1602 888 1650 plaga
916 1613 1068 1639 currere
1095 1609 1229 1650 posset

180 1672 252 1708 Per
279 1669 450 1707 tumulos
479 1674 517 1706 et
546 1667 744 1705 convalles
772 1678 1013 1715 camposque
1042 1666 1197 1715 profusa
1212 1679 1223 1712 3

179 1736 235 1773 Ut
262 1745 368 1770 nunc
397 1743 481 1770 esse
509 1729 618 1768 vides
646 1729 753 1768 vario
782 1729 966 1783 distincta
994 1730 1126 1779 lepore

179 1798 334 1844 Omnia,
364 1809 465 1846 quae
493 1793 621 1844 pomis
650 1793 824 1833 intersita
851 1795 1032 1833 dulcibus
1061 1800 1200 1832 ornant

178 1860 433 1910 Arbustisque
461 1867 598 1898 tenent
627 1858 806 1898 felicibus
836 1845 963 1898 obsita
991 1859 1147 1897 circum.

230 1929 282 1965 At
309 1924 476 1973 liquidas
506 1923 635 1961 avium
665 1935 782 1962 voces
810 1922 995 1961 imitarier
1023 1919 1090 1961 ore'

179 1993 283 2029 Ante
309 1989 380 2028 fuit
409 1989 534 2026 multo
563 1978 680 2036 quarn
708 1978 810 2025 levia
837 1976 1010 2039 carmina
1038 1992 1156 2023 cantu

179 2054 464 2096 Concelebrare
492 2050 672 2089 homines
701 2057 862 2099 possent
889 2061 1079 2099 auresque
1107 2048 1247 2086 iuvare.

179 2121 230 2158 Et
258 2116 425 2168 zephyri,
455 2127 551 2154 cava
581 2128 650 2164 per
679 2116 931 2161 calamorum,
961 2113 1074 2152 sibila
1100 2112 1267 2163 primum

177 2186 359 2233 Agrestes
388 2182 556 2219 docuere
584 2191 700 2217 cavas
728 2178 862 2216 inflare
889 2178 1046 2216 cicutas.

180 2248 281 2286 Inde
310 2245 532 2284 minutatim
561 2244 695 2282 dulces
723 2240 897 2281 didicere
924 2243 1127 2291 querellas,

1384 703 1500 748 ,1360

1401 1022 1495 1070 1365

1402 1355 1500 1392 1370

1400 1676 1497 1714 1375

1401 1987 1500 2034 1380
