1648 2452
162 77 184 112 6
509 76 597 112 DE
633 75 758 111 RER
772 75 865 113 UM
896 76 978 112 NA
990 76 1146 113 TURA

160 164 339 211 Tangere
370 159 473 199 enim
504 173 584 199 non
614 160 697 210 quit
726 162 836 210 quod
866 160 971 210 tangi
999 173 1080 199 non
1109 160 1200 199 licet
1229 159 1366 210 ipsum.

162 226 295 274 Quare
323 224 440 263 etiam
469 224 582 263 sedes
611 236 771 273 quoque
800 222 942 262 nostris
972 223 1132 262 sedibus
1162 236 1246 262 esse

164 287 385 327 Dissimiles
414 288 573 333 debent,
605 294 742 326 tenues
772 288 822 325 de
851 299 1014 336 corpore
1043 300 1204 335 eorum3

162 355 275 403 Quae
305 353 375 392 tibi
404 353 597 403 posterius
626 354 733 402 largo
763 365 943 391 sermone
972 355 1161 403 probabo.

164 418 306 456 Dicere
335 429 451 466 porro
481 415 685 454 hominum
713 428 831 454 causa
859 415 1028 454 voluisse
1058 428 1192 465 parare

163 482 403 519 Praeclaram
433 480 572 519 mundi
601 488 778 518 naturam
807 487 1092 530 proptereaque

162 545 427 585 Adlaudabile
456 557 557 594 opus
586 544 719 582 divom
749 545 907 582 laudare
936 544 1075 582 decere

163 611 457 658 Aeternumque
487 615 626 657 putare
654 616 774 657 atque
803 608 1011 646 inmortale
1038 609 1221 654 futurum,

165 675 252 712 Nec
280 674 336 711 fas
368 685 463 719 esse,
495 673 614 710 deum
644 672 754 721 quod
782 671 831 710 sit
859 671 1010 710 ratione
1038 679 1192 710 vetusta

165 736 358 776 Gentibus
388 735 569 773 humanis
597 735 805 773 fundatum
835 742 1028 784 perpetuo
1056 729 1167 791 aeijo,

165 800 380 840 Sollicitare
409 799 487 837 suis
517 800 597 838 ulla
625 799 662 836 vi
692 812 739 837 ex
767 798 928 837 sedibus
957 811 1145 848 umquam

1415 349 1519 402 133²

1418 674 1489 710 160

166 867 253 904 Nec
281 863 408 903 verbis
436 876 575 902 vexare
605 870 643 902 et
672 865 722 902 ab
750 863 830 901 imo
860 871 1031 902 evertere
1061 866 1453 918 sungpiapssssrflnww
1479 886 1484 890 -

166 930 308 968 Cetera
335 929 385 967 de
414 941 556 978 genere
585 929 660 966 hoc
689 928 887 977 adfingere
916 934 956 966 et
983 928 1139 974 addere,
1173 927 1348 975 Memmi,

166 994 427 1052 Desiperest7
467 993 574 1042 Quid
603 992 709 1032 enim
738 993 1012 1032 inmortalibus
1041 1001 1159 1043 atque
1188 994 1312 1032 beatis

167 1059 302 1098 Gratia
330 1066 462 1098 nostra
491 1065 609 1108 queat
637 1058 806 1108 largirier
836 1058 1104 1104 emolumenti,

167 1125 223 1163 Ut
253 1130 385 1162 nostra
414 1123 626 1173 quicquam
655 1136 774 1161 causa
801 1136 933 1173 gerere
963 1123 1267 1176 adgrediamur?

168 1188 323 1237 Quidve
351 1188 442 1226 novi
471 1186 601 1236 potuit
629 1194 741 1225 tanto
770 1195 862 1237 post
890 1195 981 1226 ante
1008 1188 1164 1237 quietos

169 1252 335 1291 Inlicere
362 1259 405 1290 ut
433 1258 621 1301 cuperent
650 1251 769 1289 vitam
798 1259 948 1290 mutare
977 1251 1176 1302 priorem?

168 1319 273 1356 Nam
301 1317 471 1367 gaudere
499 1315 610 1355 novis
639 1317 755 1355 rebus
784 1317 929 1355 debere
957 1316 1111 1355 videtur

170 1382 245 1421 Cui
274 1389 423 1420 veteres
453 1382 623 1428 obsunt3
662 1382 732 1420 sed
761 1381 824 1419 cui
855 1382 909 1419 nil
938 1382 1080 1421 accidit
1109 1382 1211 1432 aegri

168 1449 367 1496 Tempore
395 1446 436 1484 in
464 1453 656 1492 anteacto,
687 1459 778 1483 cum
807 1446 969 1496 pulchre
998 1447 1156 1497 degeret
1183 1460 1335 1493 aevum,

170 1512 278 1561 Quid
308 1510 435 1562 potuit
463 1510 648 1549 novitatis
677 1524 849 1549 amorem
879 1513 1096 1550 accendere
1125 1511 1220 1550 tali?

170 1579 233 1623 At,
264 1577 396 1624 credo,
427 1575 466 1613 in
495 1574 666 1613 tenebris
695 1575 775 1613 vita
803 1588 849 1613 ac
879 1589 1053 1614 maerore
1082 1575 1245 1621 iacebat,

172 1642 314 1678 Donec
344 1639 482 1678 diluxit
511 1652 639 1678 rerum
667 1638 847 1688 genitalis
877 1639 995 1689 origo.

173 1706 328 1755 Quidve
356 1704 450 1743 mali
477 1706 602 1743 fuerat
630 1704 745 1743 nobis
773 1698 853 1743 non
885 1717 968 1743 esse
998 1704 1166 1743 creatis?

173 1772 301 1808 Natus
331 1768 584 1834 enifflebet
613 1768 853 1818 quicumque
882 1776 940 1806 est
969 1769 1068 1806 velle
1093 1760 1256 1807 *manere

174 1834 222 1870 In
251 1831 339 1877 vita,
371 1832 499 1885 dgnec
526 1830 710 1869 retinebit
739 1831 885 1869 blanda
913 1832 1104 1881 voluptas.

174 1896 253 1945 Qui
281 1908 498 1944 numquam
528 1908 620 1933 vero
649 1896 751 1934 vitae
779 1895 947 1945 gustavit
976 1894 1151 1934 amorem

174 1961 260 1998 Nec
289 1959 360 1997 fuit
388 1959 428 1997 in
457 1971 632 2006 numero,
664 1959 758 2008 quid
787 1960 900 1998 obest
929 1973 1010 1998 non
1039 1972 1124 1998 esse
1153 1961 1355 1998 creatum?

174 2026 409 2074 Exemplum
437 2037 553 2073 porro
582 2021 790 2074 gignundis
820 2026 935 2064 rebus
964 2032 1002 2064 et
1031 2025 1124 2076 ipsa,
1303 2016 1306 2021 ’

175 2089 345 2128 Notities
375 2090 474 2127 divis
502 2089 706 2127 hominum
736 2091 843 2128 unde
872 2098 930 2128 est
959 2089 1073 2128 insita
1102 2088 1282 2139 primum,

175 2153 285 2202 Quid
314 2154 455 2192 vellent
484 2154 611 2192 facere
640 2160 682 2191 ut
712 2153 854 2192 scirent
883 2153 1094 2203 animoque
1123 2152 1329 2192 viderent?

176 2219 317 2266 Quove
345 2218 504 2290 Qdost
533 2229 720 2265 umquam
749 2218 806 2255 vis
836 2218 992 2265 cognita
1021 2217 1321 2276 principiorum·

1167 2299 1172 2316 ¹
1213 2303 1215 2305 ,

1420 995 1489 1042 165

1421 1328 1493 1365 170

1424 1651 1493 1688 175

1427 1961 1498 1997 180
