1648 2452
182 151 286 185 Lucr.
305 162 328 184 v
344 159 410 195 925

181 324 313 367 Georg.
331 322 342 357 i
360 321 405 357 62

182 535 286 570 Lucr.
304 546 328 569 v
344 544 410 579 937

182 764 316 808 Georg.
335 763 360 798 ii
381 772 448 809 500

182 918 288 952 Lucr.
306 929 329 951 v
345 925 416 960 944

183 976 316 1019 Georg.
335 975 374 1009 iii
392 975 438 1010 66

185 1067 290 1102 Lucr.
308 1079 332 1102 v
353 1075 443 1112 1250

185 1296 316 1341 Georg.
337 1295 347 1329 i
370 1305 434 1340 139

186 1502 437 1547 Lucr.v1255

186 1619 318 1662 Georg.
336 1617 361 1651 ii
384 1616 446 1661 165

186 1765 290 1800 Lucr.
309 1776 332 1798 v
354 1764 440 1808 1368

185 1882 318 1925 Georg.
337 1880 362 1914 ii
381 1878 425 1923 36

186 1970 289 2003 Lucr.
309 1980 332 2002 v
354 1968 439 2013 1387

187 2027 320 2070 Georg.
339 2025 378 2059 iii
394 2024 464 2068 476

186 2168 290 2201 Lucr.
308 2178 332 2200 v
353 2176 439 2210 1393

187 2225 266 2259 Ecl.
284 2224 347 2258 viii
366 2225 409 2265 87

553 54 1021 93 INTRODUCTION.
1395 49 1457 87 xxi

553 157 592 184 at
633 161 750 193 genus
791 149 997 183 humanum
1035 148 1150 182 multo
1185 148 1253 182 fuit
1290 148 1380 181 illud
1419 147 1456 181 in

596 207 696 251 agris

550 265 686 307 durius,
704 270 745 299 ut
762 263 897 307 decuit,
916 263 1022 298 tellus
1049 262 1148 307 quod
1171 262 1263 296 dura
1285 268 1456 296 creasset.

547 322 756 357 Deucalion
785 333 945 357 vacuum
979 321 1123 366 lapides
1156 321 1307 355 iactavit
1336 320 1374 354 in
1404 331 1458 354 or-

599 381 698 424 bem,

546 437 645 471 unde
670 437 841 471 homines
867 435 956 479 nati,
983 435 1115 469 durum
1141 446 1268 480 genus.

553 535 654 580 quod
694 535 750 570 sol
791 541 902 580 atque
943 534 1080 568 imbres
1127 534 1317 576 dederant,
1358 532 1459 578 quod

596 598 693 626 terra
718 598 862 627 crearat

553 658 686 694 sponte
716 661 793 692 sua,
819 648 910 683 satis
936 648 974 683 id
999 648 1174 693 placabat
1207 653 1359 692 pectora
1393 647 1458 681 do-

600 718 700 742 num.

554 775 647 809 quos
673 764 766 798 rami
792 764 942 806 fructus,
968 774 1060 809 quos
1086 763 1168 808 ipsa
1192 763 1355 798 volentia
1376 774 1460 797 rura

555 828 688 866 sponte
706 822 821 856 tulere
848 832 924 865 sua,
951 821 1099 866 carpsit.

554 917 700 952 miseris
725 917 954 952 mortalibus.

558 975 703 1010 miseris
729 977 958 1010 mortalibus.

558 1078 646 1101 nam
676 1068 784 1101 fovea
817 1074 928 1112 atque
962 1066 1037 1112 igni
1070 1066 1170 1111 prius
1204 1073 1259 1102 est
1292 1066 1460 1102 venarier

602 1131 723 1159 ortum

555 1192 667 1225 quam
705 1181 850 1225 saepire
891 1181 1011 1226 plagis
1054 1181 1190 1215 saltum
1232 1179 1459 1224 canibusque

602 1238 707 1272 ciere.

555 1302 633 1330 tum
659 1296 802 1341 laqueis
829 1302 980 1341 captare
1006 1295 1102 1329 feras
1129 1302 1164 1329 et
1191 1295 1317 1329 fallere
1342 1295 1445 1329 visco

554 1354 756 1397 inventum,
783 1359 819 1388 et
852 1365 1009 1398 magnos
1044 1352 1199 1387 canibus
1230 1353 1460 1387 circumdare

601 1411 727 1445 saltus.

557 1502 737 1536 manabat
762 1501 866 1536 venis
892 1501 1119 1536 serventibus
1142 1501 1179 1536 in
1206 1502 1290 1536 loca
1314 1508 1432 1536 terrae

556 1571 723 1594 concava
749 1560 974 1594 conveniens
1001 1560 1142 1604 argenti
1169 1560 1268 1593 rivus
1293 1566 1328 1593 et
1355 1560 1442 1593 auri.

552 1617 645 1651 haec
671 1617 803 1651 eadem
828 1617 971 1661 argenti
997 1617 1095 1651 rivos
1116 1617 1286 1661 aerisque
1311 1616 1461 1651 metalla

557 1675 719 1709 ostendit
744 1675 848 1708 venis
874 1681 985 1719 atque
1010 1685 1099 1708 auro
1126 1674 1283 1718 plurima
1307 1674 1419 1708 fluxit.

674 1764 889 1810 fructusque
914 1765 1014 1799 feros
1040 1775 1300 1799 mansuescere
1326 1771 1460 1798 terram

556 1823 757 1857 cernebant
782 1822 1009 1866 indulgendo
1035 1822 1244 1867 blandeque
1270 1822 1436 1857 colendo.

668 1881 882 1925 fructusque
908 1880 1004 1914 feros
1030 1879 1171 1913 mollite
1197 1879 1364 1914 colendo.

552 1979 617 2012 per
641 1968 724 2003 loca
749 1974 942 2012 pastorum
967 1967 1114 2002 deserta
1139 1974 1250 2012 atque
1276 1968 1352 2001 otia
1377 1968 1449 2003 dia.

1030 2024 1251 2068 desertaque
1276 2035 1391 2068 regna

555 2088 756 2127 pastorum,
775 2087 811 2116 et
835 2081 945 2126 longe
972 2082 1088 2117 saltus
1107 2082 1255 2127 lateque
1272 2089 1458 2117 vacantes,

556 2173 708 2212 propter
731 2178 851 2212 aquae
876 2167 1006 2201 rivum.

551 2230 702 2268 propter
727 2235 846 2269 aquae
871 2224 1000 2259 rivum.
