1648 2452
141 92 186 127 32
486 79 574 116 DE
612 79 838 116 RERUM
868 79 950 115 ΝΑ
961 81 1000 116 T
1002 80 1115 117 URA

141 165 233 201 Non
262 163 313 201 ita
342 162 418 200 iam
449 170 609 211 possent
637 163 735 200 caeli
765 164 837 200 sub
868 163 1037 212 tegmine
1066 165 1175 211 ferre,

142 229 190 264 Et
218 229 353 265 Venus
382 226 564 263 inminuit
593 226 692 263 vires
721 226 911 275 puerique
941 234 1145 275 parentum

142 290 344 328 Blanditiis
372 290 484 328 facile
513 290 711 339 ingenium
743 291 888 339 fregere
919 292 1139 339 superbum.

140 357 254 393 Tunc
282 363 321 393 et
349 354 560 392 amicitiem
591 363 805 403 coeperunt
835 354 994 405 iungere
1022 363 1182 393 aventes

142 419 315 457 Finitimi
343 420 443 456 inter
472 432 513 456 se
542 432 615 456 nec
645 420 798 457 laedere
827 432 902 457 nec
929 419 1076 462 violari,
1363 432 1460 456 1020

143 486 193 522 Et
221 497 360 533 pueros
389 485 715 522 commendarunt
744 471 1009 532 muliebreque
1038 484 1221 528 saeclum,

141 548 316 586 Vocibus
346 554 384 585 et
412 555 524 596 gestu
553 560 643 585 cum
672 548 789 586 balbe
819 547 1079 597 significarent

144 613 436 651 Imbecillorum
466 625 551 651 esse
581 626 748 662 aequum
780 608 995 650 misererier
1023 624 1172 649 omnes.

144 679 230 716 Nec
259 686 390 716 tamen
420 676 658 715 omnimodis
687 679 840 726 poterat
870 675 1082 714 concordia
1110 674 1225 724 gigni,

143 743 221 780 Sed
248 742 355 780 bona
381 754 601 790 magnaque
630 753 718 790 pars
747 741 926 778 servabat
955 740 1114 778 foedera
1141 735 1246 777 c‘aste
1261 755 1269 787 5
1364 751 1461 788 1025

144 809 224 844 Aut
251 818 375 855 genus
402 806 618 843 humanum
647 805 726 843 iam
754 812 837 842 tum
867 805 965 842 foret
995 816 1113 842 omne
1142 810 1386 853 peremptum

145 871 230 908 Nec
258 868 449 918 potuisset
478 870 608 907 adhuc
636 869 851 918 perducere
880 868 1008 905 saecla
1036 879 1221 916 propago.

200 937 251 972 At
280 934 404 972 varios
433 933 589 983 linguae
618 933 768 971 sonitus
798 940 938 970 natura
967 933 1119 981 subegit

149 1000 305 1038 Mittere
333 1006 371 1037 et
399 998 545 1036 utilitas
574 997 762 1047 expressit
791 996 951 1036 nomina
980 1010 1116 1043 rerum,

150 1067 240 1103 Non
268 1064 342 1102 alia
370 1065 485 1113 longe
514 1063 664 1101 ratione
692 1071 811 1112 atque
839 1063 923 1112 ipsa
950 1062 1104 1101 videtur
1369 1075 1467 1110 1030

149 1131 374 1168 Protrahere
402 1130 453 1167 ad
482 1136 632 1178 gestum
662 1141 805 1177 pueros
834 1127 996 1165 infantia
1023 1126 1189 1175 linguae,
1210 1138 1227 1146 '⁴

148 1196 249 1233 Cum
278 1193 369 1230 facit
397 1200 439 1231 ut
469 1193 592 1242 digito
621 1206 722 1242 quae
752 1193 826 1230 sint
855 1192 1074 1242 praesentia
1103 1198 1328 1229 monstrent.

148 1258 272 1296 Sentit
301 1257 405 1296 enim
434 1256 512 1294 vim
542 1257 706 1306 quisque
736 1269 845 1294 suam
874 1257 1007 1305 quoad
1036 1255 1160 1304 possit
1188 1255 1307 1293 abuti.

150 1324 305 1361 Cornua
334 1329 426 1360 nata
453 1321 557 1371 prius
585 1321 708 1359 vitulo
738 1334 856 1370 quam
885 1320 1077 1359 frontibus
1107 1326 1250 1365 extent,

152 1389 230 1425 Illis
258 1387 376 1425 iratus
400 1378 503 1436 petit
532 1394 650 1435 atque
679 1386 843 1424 infestus
873 1376 1035 1438 inurget.
1372 1394 1468 1432 1035

151 1455 200 1490 At
228 1451 347 1490 catuli
375 1452 651 1500 pantherarum
681 1451 909 1500 scymnique
938 1451 1098 1487 leonum

151 1515 359 1565 Unguibus
387 1528 433 1553 ac
462 1515 627 1565 pedibus
657 1515 734 1552 iarn
764 1515 847 1552 turn
876 1526 1087 1562 morsuque
1115 1520 1346 1562 repugnant,

151 1580 226 1618 Vix
256 1579 371 1618 etiam
402 1593 491 1617 cum
522 1586 613 1617 sunt
642 1580 781 1617 dentes
809 1567 1195 1628 unguesquescreati.

151 1644 326 1682 Alituum
355 1657 470 1693 porro
499 1655 620 1692 genus
650 1642 721 1680 alis
749 1655 868 1680 omne
897 1642 1074 1679 videmus

153 1708 292 1746 Fidere
321 1715 359 1746 et
387 1721 410 1745 a
438 1706 568 1756 pinnis
598 1707 806 1744 tremulum
837 1713 970 1754 petere
1000 1703 1242 1743 auxiliatum.
1374 1717 1474 1749 1040

153 1772 323 1811 Proinde
351 1779 487 1821 putare
517 1770 687 1819 aliquem
717 1778 801 1808 tum
831 1754 992 1807 nomina
1021 1768 1262 1808 distribuisse

153 1837 290 1874 Rebus
318 1843 356 1874 et
385 1835 477 1873 inde
506 1834 687 1872 homines
716 1833 900 1872 didicisse
929 1834 1122 1872 vocabula
1149 1831 1284 1887 prima,

155 1899 401 1953 Desiperest3
451 1899 553 1935 Nam
584 1911 650 1935 cur
679 1897 742 1935 hic
770 1904 903 1947 posset
931 1903 1074 1934 cuncta
1102 1902 1238 1957 nota-re

154 1963 328 2001 Vocibus
357 1970 396 2000 et
423 1961 549 1999 varios
575 1961 726 1999 sonitus
755 1961 930 2000 emittere
958 1960 1125 2010 linguae,

154 2029 352 2076 Tempore
381 2027 523 2067 eodem
553 2025 617 2063 alii
645 2027 772 2064 facere
802 2025 842 2064 id
872 2038 952 2063 non
982 2024 1112 2073 quisse
1140 2023 1353 2072 putentur?
1378 2033 1474 2071 1045

157 2091 360 2128 Praeterea
388 2090 419 2128 si
448 2103 530 2128 non
558 2090 624 2128 alii
653 2102 810 2138 quoque
840 2089 1003 2127 vocibus
1032 2089 1089 2126 usi

158 2155 265 2192 Inter
293 2167 334 2191 se
362 2155 527 2199 fuerant,
558 2154 663 2191 unde
690 2153 805 2191 insita
834 2152 992 2191 notities
1021 2159 1079 2191 est

159 2217 347 2255 Utilitatis
375 2226 412 2255 et
442 2219 547 2256 unde
577 2218 670 2256 data
698 2226 755 2256 est
785 2217 875 2255 huic
903 2217 1028 2267 prima
1058 2224 1239 2266 potestas,
