1648 2452
142 75 167 109 4
486 64 575 100 DE
611 64 839 101 RERUM
868 65 1113 103 NATURA
1169 116 1173 120 ν

144 149 292 186 Rursus
320 147 360 185 in
388 146 569 196 antiquas
596 148 811 186 referuntur
837 147 1042 198 religiones

144 212 193 248 Et
222 209 402 249 dominos
431 222 539 248 acres
567 210 803 263 adsciscunt,
832 211 968 250 omnia
994 224 1110 262 posse

143 276 252 324 Quos
281 273 410 312 miseri
439 275 613 322 credunt,
643 274 766 325 ignari
793 274 887 326 quid
917 263 1049 326 queat*
1063 289 1161 324 esse,

143 338 250 388 Quid
277 346 457 388 nequeat,
486 338 595 377 finita
623 347 799 390 potestas
828 340 998 390 denique
1026 340 1168 391 cuique

142 404 321 452 Quanam
350 403 397 441 sit
425 403 573 442 ratione
602 412 721 454 atque
749 406 827 443 alte
855 405 1042 444 terminus
1071 407 1244 445 haerens.
1410 419 1458 454 90

195 467 313 515 Quod
341 474 528 517 superest,
557 481 608 507 ne
636 476 674 507 te
703 467 742 506 in
771 467 971 518 promissis
1001 470 1112 519 plura
1140 482 1345 516 moremur,

142 529 337 580 Principio
366 531 487 569 maria
514 544 560 569 ac
589 539 707 570 terras
737 533 968 582 caelumque
996 541 1127 580 tuere;

142 594 319 642 Quorum
348 602 524 632 naturam
554 594 756 645 triplicem,
788 596 859 634 tria
885 609 1061 646 corpora,
1096 597 1274 644 Memmi,

141 659 238 696 Tres
268 659 418 708 species
445 667 526 697 tam
555 659 772 705 dissimiles,
803 659 875 698 tria
902 661 994 699 talia
1022 669 1137 711 teuta,

142 723 234 760 Una
262 722 347 760 dies
374 722 484 761 dabit
513 722 642 770 exitio,
673 725 896 774 multosque
925 737 995 774 per
1023 717 1149 763 annos
1410 736 1456 774 95

141 787 363 824 Sustentata
389 793 475 824 ruet
503 787 626 825 moles
656 795 695 826 et
722 788 904 827 machina
931 789 1080 827 mundi.

141 851 227 888 Nec
256 862 320 888 me
348 848 467 888 animi
494 849 591 888 fallit
619 864 736 900 quam
765 864 825 905 res
855 865 957 891 nova
985 853 1159 902 miraque
1188 853 1309 892 menti

139 913 306 953 Accidat
335 914 495 952 exitium
523 914 621 953 caeli
650 923 850 966 terraeque
879 917 1062 964 futurum,

141 980 191 1017 Et
221 991 339 1028 quam
369 979 525 1018 difficile
553 980 594 1018 id
622 980 717 1018 mihi
746 980 795 1019 sit
823 981 1049 1031 pervincere
1079 981 1192 1021 dictis
1205 997 1216 1030 3

141 1044 197 1082 Ut
225 1044 267 1082 fit
294 1043 362 1082 ubi
390 1043 587 1083 insolitam
616 1057 698 1083 rem
726 1047 908 1095 adportes
937 1047 1096 1085 auribus
1124 1055 1216 1086 ante
1387 1062 1458 1087 100

142 1108 228 1145 Nec
257 1115 388 1146 tamen
417 1108 519 1146 hanc
546 1108 672 1157 possis
702 1111 905 1148 oculorum
934 1111 1100 1150 subdere
1127 1112 1241 1150 visu-⁶
1260 1099 1401 1139 Μ

142 1173 228 1210 Nec
254 1171 380 1210 iacere
408 1172 504 1211 indu
533 1186 684 1220 manus,
714 1174 776 1212 via
804 1175 881 1224 qua
909 1175 1059 1214 munita
1086 1176 1178 1224 fidei

142 1235 324 1275 Proxima
350 1238 420 1275 sert
448 1237 664 1275 humanum
692 1237 730 1275 in
761 1241 900 1288 pectus
930 1240 1154 1291 templaque
1183 1240 1333 1278 mentis.

141 1302 218 1340 Sed
246 1309 378 1339 tamen
407 1302 563 1340 effabor.
625 1301 751 1340 Dictis
781 1302 891 1341 dabit
918 1302 1003 1353 ipsa
1030 1304 1149 1342 fidem
1178 1317 1236 1342 res

143 1365 318 1405 Forsitan
347 1373 384 1404 et
412 1365 577 1415 graviter
605 1374 790 1404 terrarum
819 1367 992 1406 motibus
1021 1368 1114 1407 ortis
1386 1382 1456 1407 10<

142 1430 288 1470 Omnia
316 1430 568 1480 conquassari
595 1430 636 1468 in
663 1443 784 1480 parvo
813 1439 990 1481 ternpore
1020 1445 1165 1472 cernes.

141 1495 260 1545 Quod
288 1495 424 1545 procul
452 1507 476 1532 a
503 1495 618 1533 nobis
646 1496 776 1534 flectat
804 1497 958 1534 fortuna
985 1498 1218 1547 gubernans,

142 1561 192 1598 Et
218 1558 317 1598 ratio
344 1558 474 1608 potius
502 1572 620 1609 quam
649 1572 710 1597 res
738 1561 972 1610 persuadeat
1000 1561 1084 1611 ipsa

141 1622 347 1663 Succidere
376 1623 580 1662 horrisono
609 1636 726 1673 posse
755 1623 890 1662 omnia
916 1625 1018 1663 victa
1046 1627 1205 1677 fragore.

196 1687 285 1736 Qua
312 1686 417 1737 prius
446 1687 651 1737 adgrediar
679 1700 797 1736 quam
827 1689 877 1727 de
906 1702 946 1727 re
974 1690 1136 1729 fundere
1165 1691 1243 1728 fata
1387 1705 1459 1729 110

141 1751 320 1790 Sanctius
349 1758 388 1789 et
416 1752 541 1789 multo
569 1759 673 1789 certa
702 1751 852 1791 ratione
881 1752 1005 1803 magis
1033 1767 1150 1804 quarn

142 1814 281 1866 Pythia
309 1826 408 1864 quae
437 1814 590 1864 tripode
618 1828 642 1853 a
670 1815 821 1854 Phoebi
848 1817 1037 1866 lauroque
1066 1818 1247 1867 profatur,

143 1880 272 1917 Multa
298 1878 368 1916 tibi
397 1879 602 1928 expediam
630 1880 757 1919 doctis
787 1881 932 1919 solacia
959 1881 1075 1920 dictis
1083 1895 1095 1929 ς

143 1942 347 1994 Religione
375 1945 589 1983 refrenatus
617 1957 667 1984 ne
694 1946 793 1983 forte
821 1946 938 1984 rearis

141 2008 281 2045 Terras
308 2013 347 2045 et
375 2007 498 2045 solem
528 2014 566 2045 et
595 2008 760 2055 caelum,
789 2021 896 2047 mare
924 2008 1051 2048 sidera
1078 2010 1223 2058 lunam,
1386 2021 1456 2060 115

143 2071 316 2121 Corpore
345 2070 478 2110 divino
506 2073 651 2111 debere
678 2080 837 2112 aeterna
863 2086 1032 2120 manere,

144 2136 430 2185 Proptereaque
459 2144 573 2185 putes
601 2136 675 2175 ritu
703 2149 773 2186 par
800 2150 885 2176 esse
914 2138 1127 2188 Gigantum

145 2198 318 2238 Pendere
347 2211 415 2238 eos
442 2212 591 2249 poenas
620 2200 768 2239 inmani
795 2214 866 2250 pro
895 2203 1038 2240 scelere
1067 2215 1203 2240 omnes
