<?xml version="1.0" encoding="UTF-8"?>
<!DOCTYPE html PUBLIC "-//W3C//DTD XHTML 1.0 Transitional//EN"
    "http://www.w3.org/TR/xhtml1/DTD/xhtml1-transitional.dtd">
<html xmlns="http://www.w3.org/1999/xhtml" xml:lang="en" lang="en">
 <head>
  <title>
</title>
<meta http-equiv="Content-Type" content="text/html;charset=utf-8" />
  <meta name='ocr-system' content='tesseract 3.04.00' />
  <meta name='ocr-capabilities' content='ocr_page ocr_carea ocr_par ocr_line ocrx_word'/>
</head>
<body>
  <div class='ocr_page' id='page_1' title='image "./dererumnatural00lucruoft_0067.png"; bbox 0 0 1648 2452; ppageno 0'>
   <div class='ocr_carea' id='block_1_1' title="bbox 560 74 1472 123">
    <p class='ocr_par' dir='ltr' id='par_1_1' title="bbox 560 74 1472 123">
     <span class='ocr_line' id='line_1_1' title="bbox 560 74 1472 123; baseline 0.003 -13"><span class='ocrx_word' id='word_1_1' title='bbox 560 74 747 112; x_wconf 81' lang='lat' dir='ltr'><em>LIBER</em></span> <span class='ocrx_word' id='word_1_2' title='bbox 792 74 1071 123; x_wconf 82' lang='lat' dir='ltr'><em>QUINTUS.</em></span> <span class='ocrx_word' id='word_1_3' title='bbox 1426 88 1472 123; x_wconf 85' lang='lat'><strong>33</strong></span> 
     </span>
    </p>
   </div>
   <div class='ocr_carea' id='block_1_2' title="bbox 146 157 1472 2254">
    <p class='ocr_par' dir='ltr' id='par_1_2' title="bbox 153 157 1215 208">
     <span class='ocr_line' id='line_1_2' title="bbox 153 157 1215 208; baseline 0.001 -12"><span class='ocrx_word' id='word_1_4' title='bbox 153 157 260 207; x_wconf 88' lang='lat' dir='ltr'>Quid</span> <span class='ocrx_word' id='word_1_5' title='bbox 289 159 404 196; x_wconf 88' lang='lat' dir='ltr'><strong>vellet</strong></span> <span class='ocrx_word' id='word_1_6' title='bbox 432 159 558 197; x_wconf 88' lang='lat' dir='ltr'><strong>facere</strong></span> <span class='ocrx_word' id='word_1_7' title='bbox 587 166 631 196; x_wconf 92' lang='lat' dir='ltr'><strong>ut</strong></span> <span class='ocrx_word' id='word_1_8' title='bbox 659 158 773 197; x_wconf 88' lang='lat' dir='ltr'><strong>sciret</strong></span> <span class='ocrx_word' id='word_1_9' title='bbox 801 158 1012 208; x_wconf 89' lang='lat' dir='ltr'><strong>animoque</strong></span> <span class='ocrx_word' id='word_1_10' title='bbox 1039 159 1215 197; x_wconf 89' lang='lat' dir='ltr'><strong>videret?</strong></span> 
     </span>
    </p>

    <p class='ocr_par' dir='ltr' id='par_1_3' title="bbox 151 219 1472 338">
     <span class='ocr_line' id='line_1_3' title="bbox 151 219 1472 274; baseline 0 -13"><span class='ocrx_word' id='word_1_11' title='bbox 151 223 304 272; x_wconf 86' lang='lat' dir='ltr'><strong>Cogere</strong></span> <span class='ocrx_word' id='word_1_12' title='bbox 331 222 425 261; x_wconf 91' lang='lat' dir='ltr'><strong>item</strong></span> <span class='ocrx_word' id='word_1_13' title='bbox 453 223 580 272; x_wconf 90' lang='lat' dir='ltr'><strong>plures</strong></span> <span class='ocrx_word' id='word_1_14' title='bbox 609 236 709 261; x_wconf 89' lang='lat' dir='ltr'><strong>unus</strong></span> <span class='ocrx_word' id='word_1_15' title='bbox 737 223 940 272; x_wconf 90' lang='lat' dir='ltr'><strong>victosque</strong></span> <span class='ocrx_word' id='word_1_16' title='bbox 969 219 1151 262; x_wconf 81' lang='lat' dir='ltr'><strong>domare&#39;</strong></span> <span class='ocrx_word' id='word_1_17' title='bbox 1374 237 1472 274; x_wconf 90' lang='lat'>1050</span> 
     </span>
     <span class='ocr_line' id='line_1_4' title="bbox 152 288 1287 338; baseline 0.002 -14"><span class='ocrx_word' id='word_1_18' title='bbox 152 288 246 325; x_wconf 94' lang='lat' dir='ltr'><strong>Non</strong></span> <span class='ocrx_word' id='word_1_19' title='bbox 274 293 437 337; x_wconf 75' lang='lat' dir='ltr'><strong>poterat3</strong></span> <span class='ocrx_word' id='word_1_20' title='bbox 467 300 593 326; x_wconf 90' lang='lat' dir='ltr'><strong>rerum</strong></span> <span class='ocrx_word' id='word_1_21' title='bbox 622 295 665 326; x_wconf 91' lang='lat' dir='ltr'><strong>ut</strong></span> <span class='ocrx_word' id='word_1_22' title='bbox 692 289 912 338; x_wconf 84' lang='lat' dir='ltr'><strong>perdiscere</strong></span> <span class='ocrx_word' id='word_1_23' title='bbox 940 288 1102 327; x_wconf 89' lang='lat' dir='ltr'><strong>nomina</strong></span> <span class='ocrx_word' id='word_1_24' title='bbox 1132 289 1287 327; x_wconf 89' lang='lat' dir='ltr'><strong>vellent.</strong></span> 
     </span>
    </p>

    <p class='ocr_par' dir='ltr' id='par_1_4' title="bbox 152 343 1128 402">
     <span class='ocr_line' id='line_1_5' title="bbox 152 343 1128 402; baseline 0.003 -14"><span class='ocrx_word' id='word_1_25' title='bbox 152 352 238 389; x_wconf 92' lang='lat' dir='ltr'><strong>Nec</strong></span> <span class='ocrx_word' id='word_1_26' title='bbox 265 343 414 390; x_wconf 78' lang='lat' dir='ltr'><strong>ratione</strong></span> <span class='ocrx_word' id='word_1_27' title='bbox 443 352 584 390; x_wconf 89' lang='lat' dir='ltr'><strong>docere</strong></span> <span class='ocrx_word' id='word_1_28' title='bbox 613 353 691 390; x_wconf 87' lang='lat' dir='ltr'><strong>ulla</strong></span> <span class='ocrx_word' id='word_1_29' title='bbox 720 354 964 402; x_wconf 87' lang='lat' dir='ltr'><strong>suadereque</strong></span> <span class='ocrx_word' id='word_1_30' title='bbox 993 353 1128 400; x_wconf 90' lang='lat' dir='ltr'><strong>surdis,</strong></span> 
     </span>
    </p>

    <p class='ocr_par' dir='ltr' id='par_1_5' title="bbox 151 415 1359 535">
     <span class='ocr_line' id='line_1_6' title="bbox 151 415 1359 468; baseline 0.002 -15"><span class='ocrx_word' id='word_1_31' title='bbox 151 415 259 464; x_wconf 86' lang='lat' dir='ltr'><strong>Quid</strong></span> <span class='ocrx_word' id='word_1_32' title='bbox 287 416 337 455; x_wconf 89' lang='lat' dir='ltr'><strong>sit</strong></span> <span class='ocrx_word' id='word_1_33' title='bbox 364 429 464 466; x_wconf 86' lang='lat' dir='ltr'><strong>opus</strong></span> <span class='ocrx_word' id='word_1_34' title='bbox 492 418 606 467; x_wconf 88' lang='lat' dir='ltr'><strong>facto,</strong></span> <span class='ocrx_word' id='word_1_35' title='bbox 637 417 787 456; x_wconf 87' lang='lat' dir='ltr'><strong>facilest</strong></span> <span class='ocrx_word' id='word_1_36' title='bbox 801 431 812 465; x_wconf 79' lang='lat'>3</span> <span class='ocrx_word' id='word_1_37' title='bbox 846 430 976 467; x_wconf 87' lang='lat' dir='ltr'><strong>neque</strong></span> <span class='ocrx_word' id='word_1_38' title='bbox 1004 417 1110 456; x_wconf 86' lang='lat' dir='ltr'><strong>enirn</strong></span> <span class='ocrx_word' id='word_1_39' title='bbox 1139 425 1359 468; x_wconf 85' lang='lat' dir='ltr'><strong>paterentur</strong></span> 
     </span>
     <span class='ocr_line' id='line_1_7' title="bbox 151 479 1128 535; baseline 0.003 -18"><span class='ocrx_word' id='word_1_40' title='bbox 151 481 236 518; x_wconf 90' lang='lat' dir='ltr'><strong>Nec</strong></span> <span class='ocrx_word' id='word_1_41' title='bbox 262 479 417 535; x_wconf 24' lang='lat' dir='ltr'><strong>ratione,</strong></span> <span class='ocrx_word' id='word_1_42' title='bbox 441 481 520 519; x_wconf 87' lang='lat' dir='ltr'><strong>ulla</strong></span> <span class='ocrx_word' id='word_1_43' title='bbox 547 480 621 519; x_wconf 83' lang='lat' dir='ltr'><strong>sibi</strong></span> <span class='ocrx_word' id='word_1_44' title='bbox 649 482 791 520; x_wconf 85' lang='lat' dir='ltr'><strong>ferrent</strong></span> <span class='ocrx_word' id='word_1_45' title='bbox 819 482 988 531; x_wconf 88' lang='lat' dir='ltr'><strong>amplius</strong></span> <span class='ocrx_word' id='word_1_46' title='bbox 1017 495 1128 520; x_wconf 88' lang='lat' dir='ltr'><strong>aures</strong></span> 
     </span>
    </p>

    <p class='ocr_par' dir='ltr' id='par_1_6' title="bbox 149 540 1470 660">
     <span class='ocr_line' id='line_1_8' title="bbox 149 540 1470 603; baseline 0.001 -20"><span class='ocrx_word' id='word_1_47' title='bbox 149 545 269 583; x_wconf 92' lang='lat' dir='ltr'><strong>Vocis</strong></span> <span class='ocrx_word' id='word_1_48' title='bbox 298 544 494 584; x_wconf 88' lang='lat' dir='ltr'><strong>inauditos</strong></span> <span class='ocrx_word' id='word_1_49' title='bbox 512 545 674 584; x_wconf 51' lang='lat' dir='ltr'><strong>*sonitus</strong></span> <span class='ocrx_word' id='word_1_50' title='bbox 703 540 920 603; x_wconf 82' lang='lat' dir='ltr'><strong>obtundere</strong></span> <span class='ocrx_word' id='word_1_51' title='bbox 950 547 1097 585; x_wconf 77' lang='lat' dir='ltr'><strong>frustra.</strong></span> <span class='ocrx_word' id='word_1_52' title='bbox 1373 559 1470 597; x_wconf 89' lang='lat'>1055</span> 
     </span>
     <span class='ocr_line' id='line_1_9' title="bbox 149 607 1204 660; baseline 0.002 -14"><span class='ocrx_word' id='word_1_53' title='bbox 149 609 354 648; x_wconf 90' lang='lat' dir='ltr'><strong>Postremo</strong></span> <span class='ocrx_word' id='word_1_54' title='bbox 383 610 478 659; x_wconf 92' lang='lat' dir='ltr'><strong>quid</strong></span> <span class='ocrx_word' id='word_1_55' title='bbox 506 609 547 648; x_wconf 91' lang='lat' dir='ltr'><strong>in</strong></span> <span class='ocrx_word' id='word_1_56' title='bbox 575 611 650 648; x_wconf 92' lang='lat' dir='ltr'><strong>hac</strong></span> <span class='ocrx_word' id='word_1_57' title='bbox 678 607 854 649; x_wconf 78' lang='lat' dir='ltr'><strong>mirabile</strong></span> <span class='ocrx_word' id='word_1_58' title='bbox 883 617 1123 660; x_wconf 85' lang='lat' dir='ltr'><strong>tantoperest</strong></span> <span class='ocrx_word' id='word_1_59' title='bbox 1151 624 1204 658; x_wconf 89' lang='lat' dir='ltr'><strong>re,</strong></span> 
     </span>
    </p>

    <p class='ocr_par' dir='ltr' id='par_1_7' title="bbox 149 672 1204 724">
     <span class='ocr_line' id='line_1_10' title="bbox 149 672 1204 724; baseline 0.002 -13"><span class='ocrx_word' id='word_1_60' title='bbox 149 672 188 711; x_wconf 90' lang='lat' dir='ltr'><strong>Si</strong></span> <span class='ocrx_word' id='word_1_61' title='bbox 215 686 338 723; x_wconf 88' lang='lat' dir='ltr'><strong>genus</strong></span> <span class='ocrx_word' id='word_1_62' title='bbox 366 674 594 721; x_wconf 85' lang='lat' dir='ltr'><strong>humanum,</strong></span> <span class='ocrx_word' id='word_1_63' title='bbox 626 674 688 712; x_wconf 91' lang='lat' dir='ltr'><strong>cui</strong></span> <span class='ocrx_word' id='word_1_64' title='bbox 716 688 791 713; x_wconf 87' lang='lat' dir='ltr'><strong>vox</strong></span> <span class='ocrx_word' id='word_1_65' title='bbox 820 681 859 713; x_wconf 91' lang='lat' dir='ltr'><strong>et</strong></span> <span class='ocrx_word' id='word_1_66' title='bbox 887 675 1018 724; x_wconf 85' lang='lat' dir='ltr'><strong>lingua</strong></span> <span class='ocrx_word' id='word_1_67' title='bbox 1045 674 1204 724; x_wconf 86' lang='lat' dir='ltr'><strong>vigeret,</strong></span> 
     </span>
    </p>

    <p class='ocr_par' dir='ltr' id='par_1_8' title="bbox 149 737 1064 777">
     <span class='ocr_line' id='line_1_11' title="bbox 149 737 1064 777; baseline 0 -2"><span class='ocrx_word' id='word_1_68' title='bbox 149 739 226 776; x_wconf 93' lang='lat' dir='ltr'><strong>Pro</strong></span> <span class='ocrx_word' id='word_1_69' title='bbox 254 737 359 777; x_wconf 85' lang='lat' dir='ltr'><strong>vario</strong></span> <span class='ocrx_word' id='word_1_70' title='bbox 389 751 505 776; x_wconf 83' lang='lat' dir='ltr'><strong>sensu</strong></span> <span class='ocrx_word' id='word_1_71' title='bbox 534 738 637 776; x_wconf 87' lang='lat' dir='ltr'><strong>varia</strong></span> <span class='ocrx_word' id='word_1_72' title='bbox 667 751 726 776; x_wconf 90' lang='lat' dir='ltr'><strong>res</strong></span> <span class='ocrx_word' id='word_1_73' title='bbox 754 750 852 776; x_wconf 89' lang='lat' dir='ltr'><strong>voce</strong></span> <span class='ocrx_word' id='word_1_74' title='bbox 881 739 1064 776; x_wconf 88' lang='lat' dir='ltr'><strong>notaret?</strong></span> 
     </span>
    </p>

    <p class='ocr_par' dir='ltr' id='par_1_9' title="bbox 148 802 1469 1047">
     <span class='ocr_line' id='line_1_12' title="bbox 149 802 1303 851; baseline 0.001 -11"><span class='ocrx_word' id='word_1_75' title='bbox 149 802 252 840; x_wconf 91' lang='lat' dir='ltr'><strong>Cum</strong></span> <span class='ocrx_word' id='word_1_76' title='bbox 281 803 456 851; x_wconf 90' lang='lat' dir='ltr'><strong>pecudes</strong></span> <span class='ocrx_word' id='word_1_77' title='bbox 485 810 629 848; x_wconf 88' lang='lat' dir='ltr'><strong>mutae,</strong></span> <span class='ocrx_word' id='word_1_78' title='bbox 660 815 750 840; x_wconf 90' lang='lat' dir='ltr'><strong>cum</strong></span> <span class='ocrx_word' id='word_1_79' title='bbox 779 803 952 851; x_wconf 88' lang='lat' dir='ltr'><strong>denique</strong></span> <span class='ocrx_word' id='word_1_80' title='bbox 981 803 1111 840; x_wconf 88' lang='lat' dir='ltr'><strong>saecla</strong></span> <span class='ocrx_word' id='word_1_81' title='bbox 1139 803 1303 841; x_wconf 89' lang='lat' dir='ltr'><strong>ferarum</strong></span> 
     </span>
     <span class='ocr_line' id='line_1_13' title="bbox 149 865 1469 915; baseline 0 -12"><span class='ocrx_word' id='word_1_82' title='bbox 149 865 367 904; x_wconf 88' lang='lat' dir='ltr'><strong>Dissimiles</strong></span> <span class='ocrx_word' id='word_1_83' title='bbox 396 867 548 905; x_wconf 83' lang='lat' dir='ltr'><strong>soleant</strong></span> <span class='ocrx_word' id='word_1_84' title='bbox 575 879 692 904; x_wconf 84' lang='lat' dir='ltr'><strong>voces</strong></span> <span class='ocrx_word' id='word_1_85' title='bbox 720 866 921 915; x_wconf 87' lang='lat' dir='ltr'><strong>variasque</strong></span> <span class='ocrx_word' id='word_1_86' title='bbox 950 866 1062 912; x_wconf 89' lang='lat' dir='ltr'><strong>ciere,</strong></span> <span class='ocrx_word' id='word_1_87' title='bbox 1368 868 1469 904; x_wconf 93' lang='lat'>1060</span> 
     </span>
     <span class='ocr_line' id='line_1_14' title="bbox 148 928 1400 983; baseline 0 -16"><span class='ocrx_word' id='word_1_88' title='bbox 148 929 250 967; x_wconf 92' lang='lat' dir='ltr'><strong>Cum</strong></span> <span class='ocrx_word' id='word_1_89' title='bbox 279 935 406 967; x_wconf 90' lang='lat' dir='ltr'><strong>metus</strong></span> <span class='ocrx_word' id='word_1_90' title='bbox 435 936 502 967; x_wconf 88' lang='lat' dir='ltr'><strong>aut</strong></span> <span class='ocrx_word' id='word_1_91' title='bbox 531 929 645 967; x_wconf 92' lang='lat' dir='ltr'><strong>dolor</strong></span> <span class='ocrx_word' id='word_1_92' title='bbox 671 935 730 967; x_wconf 89' lang='lat' dir='ltr'><strong>est</strong></span> <span class='ocrx_word' id='word_1_93' title='bbox 759 936 798 967; x_wconf 92' lang='lat' dir='ltr'><strong>et</strong></span> <span class='ocrx_word' id='word_1_94' title='bbox 826 942 915 983; x_wconf 85' lang='lat' dir='ltr'><strong>cum</strong></span> <span class='ocrx_word' id='word_1_95' title='bbox 946 929 1023 966; x_wconf 92' lang='lat' dir='ltr'><strong>iam</strong></span> <span class='ocrx_word' id='word_1_96' title='bbox 1053 928 1195 978; x_wconf 87' lang='lat' dir='ltr'><strong>gaudia</strong></span> <span class='ocrx_word' id='word_1_97' title='bbox 1223 929 1400 979; x_wconf 87' lang='lat' dir='ltr'><strong>gliscunt.</strong></span> 
     </span>
     <span class='ocr_line' id='line_1_15' title="bbox 148 993 1264 1047; baseline 0.002 -16"><span class='ocrx_word' id='word_1_98' title='bbox 148 993 310 1043; x_wconf 89' lang='lat' dir='ltr'><strong>Quippe</strong></span> <span class='ocrx_word' id='word_1_99' title='bbox 338 993 482 1032; x_wconf 90' lang='lat' dir='ltr'><strong>etenim</strong></span> <span class='ocrx_word' id='word_1_100' title='bbox 512 994 602 1032; x_wconf 89' lang='lat' dir='ltr'><strong>licet</strong></span> <span class='ocrx_word' id='word_1_101' title='bbox 631 994 672 1032; x_wconf 89' lang='lat' dir='ltr'><strong>id</strong></span> <span class='ocrx_word' id='word_1_102' title='bbox 701 995 815 1033; x_wconf 88' lang='lat' dir='ltr'><strong>rebus</strong></span> <span class='ocrx_word' id='word_1_103' title='bbox 845 1007 1083 1047; x_wconf 56' lang='lat' dir='ltr'><strong>cognoscere</strong></span> <span class='ocrx_word' id='word_1_104' title='bbox 1111 995 1264 1044; x_wconf 90' lang='lat' dir='ltr'><strong>apertis.</strong></span> 
     </span>
    </p>

    <p class='ocr_par' dir='ltr' id='par_1_10' title="bbox 148 1056 1226 1107">
     <span class='ocr_line' id='line_1_16' title="bbox 148 1056 1226 1107; baseline 0 -13"><span class='ocrx_word' id='word_1_105' title='bbox 148 1056 311 1095; x_wconf 88' lang='lat' dir='ltr'><strong>Inritata</strong></span> <span class='ocrx_word' id='word_1_106' title='bbox 339 1069 480 1096; x_wconf 89' lang='lat' dir='ltr'><strong>canum</strong></span> <span class='ocrx_word' id='word_1_107' title='bbox 511 1070 601 1094; x_wconf 92' lang='lat' dir='ltr'><strong>cum</strong></span> <span class='ocrx_word' id='word_1_108' title='bbox 631 1057 802 1107; x_wconf 88' lang='lat' dir='ltr'><strong>primum</strong></span> <span class='ocrx_word' id='word_1_109' title='bbox 831 1070 972 1107; x_wconf 87' lang='lat' dir='ltr'><strong>magna</strong></span> <span class='ocrx_word' id='word_1_110' title='bbox 1004 1058 1226 1098; x_wconf 73' lang='lat' dir='ltr'><strong>Molossum</strong></span> 
     </span>
    </p>

    <p class='ocr_par' dir='ltr' id='par_1_11' title="bbox 148 1120 1149 1167">
     <span class='ocr_line' id='line_1_17' title="bbox 148 1120 1149 1167; baseline 0.001 -10"><span class='ocrx_word' id='word_1_111' title='bbox 148 1120 288 1158; x_wconf 91' lang='lat' dir='ltr'><strong>Mollia</strong></span> <span class='ocrx_word' id='word_1_112' title='bbox 315 1120 410 1158; x_wconf 88' lang='lat' dir='ltr'><strong>ricta</strong></span> <span class='ocrx_word' id='word_1_113' title='bbox 437 1121 606 1159; x_wconf 88' lang='lat' dir='ltr'><strong>fremunt</strong></span> <span class='ocrx_word' id='word_1_114' title='bbox 635 1122 754 1159; x_wconf 88' lang='lat' dir='ltr'><strong>duros</strong></span> <span class='ocrx_word' id='word_1_115' title='bbox 783 1121 972 1159; x_wconf 79' lang='lat' dir='ltr'><strong>nudantia</strong></span> <span class='ocrx_word' id='word_1_116' title='bbox 1001 1122 1149 1167; x_wconf 89' lang='lat' dir='ltr'><strong>dentes,</strong></span> 
     </span>
    </p>

    <p class='ocr_par' dir='ltr' id='par_1_12' title="bbox 148 1183 1466 1298">
     <span class='ocr_line' id='line_1_18' title="bbox 148 1183 1466 1234; baseline 0.001 -13"><span class='ocrx_word' id='word_1_117' title='bbox 148 1185 283 1233; x_wconf 91' lang='lat' dir='ltr'><strong>Longe</strong></span> <span class='ocrx_word' id='word_1_118' title='bbox 313 1183 389 1222; x_wconf 88' lang='lat' dir='ltr'><strong>alio</strong></span> <span class='ocrx_word' id='word_1_119' title='bbox 418 1184 548 1222; x_wconf 87' lang='lat' dir='ltr'><strong>sonitu</strong></span> <span class='ocrx_word' id='word_1_120' title='bbox 577 1184 682 1223; x_wconf 88' lang='lat' dir='ltr'><strong>rabie</strong></span> <span class='ocrx_word' id='word_1_121' title='bbox 712 1185 886 1223; x_wconf 89' lang='lat' dir='ltr'><strong>restricta</strong></span> <span class='ocrx_word' id='word_1_122' title='bbox 914 1185 1123 1231; x_wconf 85' lang='lat' dir='ltr'><strong>minantur,</strong></span> <span class='ocrx_word' id='word_1_123' title='bbox 1370 1187 1466 1234; x_wconf 85' lang='lat'>1065</span> 
     </span>
     <span class='ocr_line' id='line_1_19' title="bbox 148 1247 1254 1298; baseline 0.002 -13"><span class='ocrx_word' id='word_1_124' title='bbox 148 1248 199 1286; x_wconf 91' lang='lat' dir='ltr'><strong>Et</strong></span> <span class='ocrx_word' id='word_1_125' title='bbox 227 1260 316 1285; x_wconf 93' lang='lat' dir='ltr'><strong>cum</strong></span> <span class='ocrx_word' id='word_1_126' title='bbox 346 1247 422 1285; x_wconf 85' lang='lat' dir='ltr'><strong>iarn</strong></span> <span class='ocrx_word' id='word_1_127' title='bbox 453 1249 595 1286; x_wconf 83' lang='lat' dir='ltr'><strong>latrant</strong></span> <span class='ocrx_word' id='word_1_128' title='bbox 625 1256 663 1287; x_wconf 90' lang='lat' dir='ltr'><strong>et</strong></span> <span class='ocrx_word' id='word_1_129' title='bbox 692 1248 855 1286; x_wconf 88' lang='lat' dir='ltr'><strong>vocibus</strong></span> <span class='ocrx_word' id='word_1_130' title='bbox 885 1248 1016 1286; x_wconf 87' lang='lat' dir='ltr'><strong>omnia</strong></span> <span class='ocrx_word' id='word_1_131' title='bbox 1045 1249 1254 1298; x_wconf 90' lang='lat' dir='ltr'><strong>complent.</strong></span> 
     </span>
    </p>

    <p class='ocr_par' dir='ltr' id='par_1_13' title="bbox 147 1310 1258 1362">
     <span class='ocr_line' id='line_1_20' title="bbox 147 1310 1258 1362; baseline 0 -12"><span class='ocrx_word' id='word_1_132' title='bbox 147 1313 198 1350; x_wconf 93' lang='lat' dir='ltr'><strong>Et</strong></span> <span class='ocrx_word' id='word_1_133' title='bbox 226 1313 376 1350; x_wconf 90' lang='lat' dir='ltr'><strong>catulos</strong></span> <span class='ocrx_word' id='word_1_134' title='bbox 405 1313 551 1350; x_wconf 86' lang='lat' dir='ltr'><strong>blande</strong></span> <span class='ocrx_word' id='word_1_135' title='bbox 581 1325 671 1350; x_wconf 91' lang='lat' dir='ltr'><strong>cum</strong></span> <span class='ocrx_word' id='word_1_136' title='bbox 701 1312 834 1362; x_wconf 89' lang='lat' dir='ltr'><strong>lingua</strong></span> <span class='ocrx_word' id='word_1_137' title='bbox 862 1313 1034 1350; x_wconf 85' lang='lat' dir='ltr'><strong>lambere</strong></span> <span class='ocrx_word' id='word_1_138' title='bbox 1064 1310 1258 1361; x_wconf 87' lang='lat' dir='ltr'><strong>temptant</strong></span> 
     </span>
    </p>

    <p class='ocr_par' dir='ltr' id='par_1_14' title="bbox 146 1375 1239 1488">
     <span class='ocr_line' id='line_1_21' title="bbox 146 1375 1239 1424; baseline 0.001 -11"><span class='ocrx_word' id='word_1_139' title='bbox 146 1377 227 1413; x_wconf 90' lang='lat' dir='ltr'><strong>Aut</strong></span> <span class='ocrx_word' id='word_1_140' title='bbox 254 1375 323 1413; x_wconf 93' lang='lat' dir='ltr'><strong>ubi</strong></span> <span class='ocrx_word' id='word_1_141' title='bbox 351 1388 419 1414; x_wconf 90' lang='lat' dir='ltr'><strong>eos</strong></span> <span class='ocrx_word' id='word_1_142' title='bbox 448 1375 595 1413; x_wconf 85' lang='lat' dir='ltr'><strong>iactant</strong></span> <span class='ocrx_word' id='word_1_143' title='bbox 623 1375 793 1424; x_wconf 89' lang='lat' dir='ltr'><strong>pedibus</strong></span> <span class='ocrx_word' id='word_1_144' title='bbox 821 1387 1032 1424; x_wconf 89' lang='lat' dir='ltr'><strong>morsuque</strong></span> <span class='ocrx_word' id='word_1_145' title='bbox 1061 1382 1239 1424; x_wconf 86' lang='lat' dir='ltr'><strong>petentes</strong></span> 
     </span>
     <span class='ocr_line' id='line_1_22' title="bbox 147 1437 1184 1488; baseline 0 -12"><span class='ocrx_word' id='word_1_146' title='bbox 147 1437 353 1488; x_wconf 87' lang='lat' dir='ltr'><strong>Suspensis</strong></span> <span class='ocrx_word' id='word_1_147' title='bbox 382 1446 538 1477; x_wconf 89' lang='lat' dir='ltr'><strong>teneros</strong></span> <span class='ocrx_word' id='word_1_148' title='bbox 568 1437 768 1476; x_wconf 83' lang='lat' dir='ltr'><strong>imitantur</strong></span> <span class='ocrx_word' id='word_1_149' title='bbox 800 1438 982 1476; x_wconf 90' lang='lat' dir='ltr'><strong>dentibus</strong></span> <span class='ocrx_word' id='word_1_150' title='bbox 1011 1439 1184 1485; x_wconf 90' lang='lat' dir='ltr'><strong>haustus,</strong></span> 
     </span>
    </p>

    <p class='ocr_par' dir='ltr' id='par_1_15' title="bbox 148 1502 1469 1606">
     <span class='ocr_line' id='line_1_23' title="bbox 148 1502 1469 1552; baseline 0.002 -12"><span class='ocrx_word' id='word_1_151' title='bbox 148 1503 285 1552; x_wconf 89' lang='lat' dir='ltr'><strong>Longe</strong></span> <span class='ocrx_word' id='word_1_152' title='bbox 314 1502 391 1541; x_wconf 91' lang='lat' dir='ltr'><strong>alio</strong></span> <span class='ocrx_word' id='word_1_153' title='bbox 420 1510 539 1552; x_wconf 90' lang='lat' dir='ltr'><strong>pacto</strong></span> <span class='ocrx_word' id='word_1_154' title='bbox 568 1502 731 1551; x_wconf 88' lang='lat' dir='ltr'><strong>gannitu</strong></span> <span class='ocrx_word' id='word_1_155' title='bbox 759 1502 865 1540; x_wconf 90' lang='lat' dir='ltr'><strong>vocis</strong></span> <span class='ocrx_word' id='word_1_156' title='bbox 895 1503 1066 1549; x_wconf 87' lang='lat' dir='ltr'><strong>adulant,</strong></span> <span class='ocrx_word' id='word_1_157' title='bbox 1371 1506 1469 1552; x_wconf 78' lang='grc'>’1070</span> 
     </span>
     <span class='ocr_line' id='line_1_24' title="bbox 148 1567 1216 1606; baseline 0 -1"><span class='ocrx_word' id='word_1_158' title='bbox 148 1568 200 1606; x_wconf 90' lang='lat' dir='ltr'><strong>Et</strong></span> <span class='ocrx_word' id='word_1_159' title='bbox 229 1580 319 1605; x_wconf 91' lang='lat' dir='ltr'><strong>cum</strong></span> <span class='ocrx_word' id='word_1_160' title='bbox 349 1567 492 1606; x_wconf 88' lang='lat' dir='ltr'><strong>deserti</strong></span> <span class='ocrx_word' id='word_1_161' title='bbox 521 1567 743 1605; x_wconf 86' lang='lat' dir='ltr'><strong>baubantur</strong></span> <span class='ocrx_word' id='word_1_162' title='bbox 771 1567 811 1605; x_wconf 91' lang='lat' dir='ltr'><strong>in</strong></span> <span class='ocrx_word' id='word_1_163' title='bbox 840 1568 1004 1605; x_wconf 90' lang='lat' dir='ltr'><strong>aedibus</strong></span> <span class='ocrx_word' id='word_1_164' title='bbox 1034 1575 1101 1605; x_wconf 83' lang='lat' dir='ltr'><strong>aut</strong></span> <span class='ocrx_word' id='word_1_165' title='bbox 1130 1580 1216 1606; x_wconf 90' lang='lat' dir='ltr'><strong>cum</strong></span> 
     </span>
    </p>

    <p class='ocr_par' dir='ltr' id='par_1_16' title="bbox 148 1630 1134 1681">
     <span class='ocr_line' id='line_1_25' title="bbox 148 1630 1134 1681; baseline 0 -13"><span class='ocrx_word' id='word_1_166' title='bbox 148 1631 350 1669; x_wconf 90' lang='lat' dir='ltr'><strong>Plorantes</strong></span> <span class='ocrx_word' id='word_1_167' title='bbox 378 1630 530 1681; x_wconf 88' lang='lat' dir='ltr'><strong>fugiunt</strong></span> <span class='ocrx_word' id='word_1_168' title='bbox 560 1631 768 1668; x_wconf 84' lang='lat' dir='ltr'><strong>summisso</strong></span> <span class='ocrx_word' id='word_1_169' title='bbox 796 1644 961 1681; x_wconf 81' lang='lat' dir='ltr'><strong>corpore</strong></span> <span class='ocrx_word' id='word_1_170' title='bbox 989 1632 1134 1681; x_wconf 87' lang='lat' dir='ltr'><strong>plagas.</strong></span> 
     </span>
    </p>

    <p class='ocr_par' dir='ltr' id='par_1_17' title="bbox 149 1693 1136 1744">
     <span class='ocr_line' id='line_1_26' title="bbox 149 1693 1136 1744; baseline 0.001 -12"><span class='ocrx_word' id='word_1_171' title='bbox 149 1693 330 1744; x_wconf 86' lang='lat' dir='ltr'><strong>Denique</strong></span> <span class='ocrx_word' id='word_1_172' title='bbox 357 1707 438 1732; x_wconf 89' lang='lat' dir='ltr'><strong>non</strong></span> <span class='ocrx_word' id='word_1_173' title='bbox 466 1694 640 1732; x_wconf 90' lang='lat' dir='ltr'><strong>hinnitus</strong></span> <span class='ocrx_word' id='word_1_174' title='bbox 669 1694 761 1732; x_wconf 89' lang='lat' dir='ltr'><strong>item</strong></span> <span class='ocrx_word' id='word_1_175' title='bbox 792 1694 944 1733; x_wconf 89' lang='lat' dir='ltr'><strong>differre</strong></span> <span class='ocrx_word' id='word_1_176' title='bbox 973 1695 1136 1741; x_wconf 87' lang='lat' dir='ltr'><strong>videtur,</strong></span> 
     </span>
    </p>

    <p class='ocr_par' dir='ltr' id='par_1_18' title="bbox 149 1757 1207 1807">
     <span class='ocr_line' id='line_1_27' title="bbox 149 1757 1207 1807; baseline 0 -11"><span class='ocrx_word' id='word_1_177' title='bbox 149 1759 257 1797; x_wconf 92' lang='lat' dir='ltr'><strong>Inter</strong></span> <span class='ocrx_word' id='word_1_178' title='bbox 285 1771 404 1807; x_wconf 87' lang='lat' dir='ltr'><strong>equas</strong></span> <span class='ocrx_word' id='word_1_179' title='bbox 433 1757 501 1795; x_wconf 91' lang='lat' dir='ltr'><strong>ubi</strong></span> <span class='ocrx_word' id='word_1_180' title='bbox 529 1771 652 1806; x_wconf 89' lang='lat' dir='ltr'><strong>equus</strong></span> <span class='ocrx_word' id='word_1_181' title='bbox 680 1758 833 1796; x_wconf 87' lang='lat' dir='ltr'><strong>florenti</strong></span> <span class='ocrx_word' id='word_1_182' title='bbox 862 1766 991 1796; x_wconf 86' lang='lat' dir='ltr'><strong>aetate</strong></span> <span class='ocrx_word' id='word_1_183' title='bbox 1020 1758 1207 1797; x_wconf 90' lang='lat' dir='ltr'><strong>iuvencus</strong></span> 
     </span>
    </p>

    <p class='ocr_par' dir='ltr' id='par_1_19' title="bbox 147 1819 1462 1933">
     <span class='ocr_line' id='line_1_28' title="bbox 147 1819 1462 1875; baseline 0 -16"><span class='ocrx_word' id='word_1_184' title='bbox 147 1819 341 1870; x_wconf 88' lang='lat' dir='ltr'><strong>Pinnigeri</strong></span> <span class='ocrx_word' id='word_1_185' title='bbox 370 1819 492 1858; x_wconf 86' lang='lat' dir='ltr'><strong>saevit</strong></span> <span class='ocrx_word' id='word_1_186' title='bbox 521 1819 735 1858; x_wconf 86' lang='lat' dir='ltr'><strong>calcaribus</strong></span> <span class='ocrx_word' id='word_1_187' title='bbox 765 1821 864 1859; x_wconf 90' lang='lat' dir='ltr'><strong>ictus</strong></span> <span class='ocrx_word' id='word_1_188' title='bbox 893 1822 1047 1875; x_wconf 83' lang='lat' dir='ltr'><strong>amoris,</strong></span> <span class='ocrx_word' id='word_1_189' title='bbox 1365 1835 1462 1871; x_wconf 89' lang='lat'>1075</span> 
     </span>
     <span class='ocr_line' id='line_1_29' title="bbox 148 1883 1208 1933; baseline 0 -11"><span class='ocrx_word' id='word_1_190' title='bbox 148 1885 199 1923; x_wconf 92' lang='lat' dir='ltr'><strong>Et</strong></span> <span class='ocrx_word' id='word_1_191' title='bbox 227 1883 423 1923; x_wconf 89' lang='lat' dir='ltr'><strong>fremitum</strong></span> <span class='ocrx_word' id='word_1_192' title='bbox 450 1884 590 1933; x_wconf 89' lang='lat' dir='ltr'><strong>patulis</strong></span> <span class='ocrx_word' id='word_1_193' title='bbox 619 1883 687 1921; x_wconf 88' lang='lat' dir='ltr'><strong>ubi</strong></span> <span class='ocrx_word' id='word_1_194' title='bbox 716 1884 872 1922; x_wconf 90' lang='lat' dir='ltr'><strong>naribus</strong></span> <span class='ocrx_word' id='word_1_195' title='bbox 902 1884 982 1922; x_wconf 89' lang='lat' dir='ltr'><strong>edit</strong></span> <span class='ocrx_word' id='word_1_196' title='bbox 1010 1885 1060 1922; x_wconf 88' lang='lat' dir='ltr'><strong>ad</strong></span> <span class='ocrx_word' id='word_1_197' title='bbox 1090 1898 1208 1930; x_wconf 87' lang='lat' dir='ltr'><strong>arma,</strong></span> 
     </span>
    </p>

    <p class='ocr_par' dir='ltr' id='par_1_20' title="bbox 149 1947 1115 2001">
     <span class='ocr_line' id='line_1_30' title="bbox 149 1947 1115 2001; baseline 0 -15"><span class='ocrx_word' id='word_1_198' title='bbox 149 1950 200 1986; x_wconf 92' lang='lat' dir='ltr'><strong>Et</strong></span> <span class='ocrx_word' id='word_1_199' title='bbox 227 1961 318 1986; x_wconf 91' lang='lat' dir='ltr'><strong>cum</strong></span> <span class='ocrx_word' id='word_1_200' title='bbox 347 1948 402 1987; x_wconf 90' lang='lat' dir='ltr'><strong>sic</strong></span> <span class='ocrx_word' id='word_1_201' title='bbox 429 1947 523 2001; x_wconf 87' lang='lat' dir='ltr'><strong>alias</strong></span> <span class='ocrx_word' id='word_1_202' title='bbox 553 1947 753 1986; x_wconf 85' lang='lat' dir='ltr'><strong>concussis</strong></span> <span class='ocrx_word' id='word_1_203' title='bbox 782 1948 928 1986; x_wconf 88' lang='lat' dir='ltr'><strong>artibus</strong></span> <span class='ocrx_word' id='word_1_204' title='bbox 957 1948 1115 1986; x_wconf 84' lang='lat' dir='ltr'><strong>hinnit?</strong></span> 
     </span>
    </p>

    <p class='ocr_par' dir='ltr' id='par_1_21' title="bbox 150 2010 1146 2061">
     <span class='ocr_line' id='line_1_31' title="bbox 150 2010 1146 2061; baseline 0.001 -13"><span class='ocrx_word' id='word_1_205' title='bbox 150 2012 353 2050; x_wconf 91' lang='lat' dir='ltr'><strong>Postremo</strong></span> <span class='ocrx_word' id='word_1_206' title='bbox 380 2024 502 2061; x_wconf 85' lang='lat' dir='ltr'><strong>genus</strong></span> <span class='ocrx_word' id='word_1_207' title='bbox 531 2010 694 2050; x_wconf 88' lang='lat' dir='ltr'><strong>alituum</strong></span> <span class='ocrx_word' id='word_1_208' title='bbox 722 2012 930 2061; x_wconf 88' lang='lat' dir='ltr'><strong>variaeque</strong></span> <span class='ocrx_word' id='word_1_209' title='bbox 958 2013 1146 2059; x_wconf 78' lang='lat' dir='ltr'><strong>volucres,</strong></span> 
     </span>
    </p>

    <p class='ocr_par' dir='ltr' id='par_1_22' title="bbox 149 2074 1164 2125">
     <span class='ocr_line' id='line_1_32' title="bbox 149 2074 1164 2125; baseline 0.001 -13"><span class='ocrx_word' id='word_1_210' title='bbox 149 2074 365 2124; x_wconf 89' lang='lat' dir='ltr'><strong>Accipitres</strong></span> <span class='ocrx_word' id='word_1_211' title='bbox 393 2082 511 2124; x_wconf 88' lang='lat' dir='ltr'><strong>atque</strong></span> <span class='ocrx_word' id='word_1_212' title='bbox 540 2074 748 2125; x_wconf 88' lang='lat' dir='ltr'><strong>ossifragae</strong></span> <span class='ocrx_word' id='word_1_213' title='bbox 777 2075 977 2125; x_wconf 86' lang='lat' dir='ltr'><strong>mergique</strong></span> <span class='ocrx_word' id='word_1_214' title='bbox 1006 2075 1164 2113; x_wconf 87' lang='lat' dir='ltr'><strong>marinis</strong></span> 
     </span>
    </p>

    <p class='ocr_par' dir='ltr' id='par_1_23' title="bbox 149 2138 1466 2254">
     <span class='ocr_line' id='line_1_33' title="bbox 149 2138 1466 2189; baseline 0.002 -14"><span class='ocrx_word' id='word_1_215' title='bbox 149 2138 349 2176; x_wconf 90' lang='lat' dir='ltr'><strong>Fluctibus</strong></span> <span class='ocrx_word' id='word_1_216' title='bbox 377 2138 417 2176; x_wconf 93' lang='lat' dir='ltr'><strong>in</strong></span> <span class='ocrx_word' id='word_1_217' title='bbox 446 2140 548 2177; x_wconf 90' lang='lat' dir='ltr'><strong>salso</strong></span> <span class='ocrx_word' id='word_1_218' title='bbox 577 2140 724 2177; x_wconf 89' lang='lat' dir='ltr'><strong>victum</strong></span> <span class='ocrx_word' id='word_1_219' title='bbox 753 2140 951 2189; x_wconf 86' lang='lat' dir='ltr'><strong>vitamque</strong></span> <span class='ocrx_word' id='word_1_220' title='bbox 980 2148 1172 2189; x_wconf 87' lang='lat' dir='ltr'><strong>petentes,</strong></span> <span class='ocrx_word' id='word_1_221' title='bbox 1366 2143 1466 2178; x_wconf 87' lang='lat'>1080</span> 
     </span>
     <span class='ocr_line' id='line_1_34' title="bbox 150 2202 1115 2254; baseline 0.002 -14"><span class='ocrx_word' id='word_1_222' title='bbox 150 2203 285 2251; x_wconf 79' lang='lat' dir='ltr'><strong>Longe</strong></span> <span class='ocrx_word' id='word_1_223' title='bbox 312 2202 406 2241; x_wconf 89' lang='lat' dir='ltr'><strong>alias</strong></span> <span class='ocrx_word' id='word_1_224' title='bbox 435 2203 513 2241; x_wconf 90' lang='lat' dir='ltr'><strong>alio</strong></span> <span class='ocrx_word' id='word_1_225' title='bbox 540 2203 685 2241; x_wconf 89' lang='lat' dir='ltr'><strong>iaciunt</strong></span> <span class='ocrx_word' id='word_1_226' title='bbox 715 2203 755 2241; x_wconf 91' lang='lat' dir='ltr'><strong>in</strong></span> <span class='ocrx_word' id='word_1_227' title='bbox 784 2212 961 2254; x_wconf 90' lang='lat' dir='ltr'><strong>tempore</strong></span> <span class='ocrx_word' id='word_1_228' title='bbox 988 2217 1115 2249; x_wconf 89' lang='lat' dir='ltr'><strong>voces,</strong></span> 
     </span>
    </p>
   </div>
  </div>
 </body>
</html>
