1648 2452
520 70 727 117 LIBER
769 79 1045 127 QUINTUS.

131 167 246 211 Arva,
276 177 381 202 novo
407 165 489 203 fetu
518 163 614 212 quid
641 162 811 212 primum
840 162 881 201 in
909 161 1066 200 luminis
1096 175 1182 209 oras

129 228 285 265 Tollere
313 234 352 265 et
380 226 535 265 incertis
564 226 706 264 crerint
735 225 980 264 committere
1007 225 1144 264 ventis.
1186 220 1218 252 'f

183 290 378 343 Principio
404 303 526 341 genus
554 291 759 329 herbarum
789 290 1031 338 viridemque
1060 289 1225 328 nitorem

129 355 250 393 Terra
277 355 387 393 dedit
413 354 560 392 circum
589 355 708 392 colles
737 366 977 403 camposque
1005 367 1074 403 per
1102 366 1262 400 omnes3

131 417 287 457 Florida
314 420 502 457 fulserunt
529 417 712 457 viridanti
741 426 852 467 prata
881 419 1022 463 colore,

129 481 421 531 Arboribusque
449 482 622 520 datumst
649 480 762 518 variis
791 480 932 518 exinde
961 492 1029 529 per
1056 493 1168 517 auras

130 546 343 585 Crescendi
371 559 555 596 magnum
584 545 752 584 inmissis
781 553 979 583 certamen
1008 544 1184 583 habenis.

130 610 189 647 Ut
215 611 350 660 pluma
377 617 495 659 atque
523 609 591 659 pili
619 609 786 659 primum
817 616 1026 658 saetaeque
1055 616 1235 646 creantur

131 673 430 723 Quadripedum
458 673 642 711 membris
671 680 710 710 et
737 685 900 721 corpore
932 673 1270 721 pennipotentum,

95 789 104 796 ·
131 738 194 776 Sic
222 751 324 776 nova
352 747 435 776 tum
464 739 576 776 tellus
606 738 745 776 herbas
774 737 1016 786 virgultaque
1046 736 1252 786 primum
1282 750 1283 753 ¹
1319 752 1325 754 ’

129 800 300 849 Sustulit,
331 800 422 839 inde
451 801 528 839 loci
556 800 734 839 mortalia
762 802 890 839 saecla
918 800 1061 839 creavit

131 867 259 904 Multa
287 866 414 904 modis
443 866 574 904 multis
603 865 708 903 varia
735 865 884 903 ratione
914 873 1057 903 coorta.

38 936 79 972 ἰν
131 932 235 968 Nam
264 943 391 980 neque
419 930 469 968 de
498 931 608 968 caelo
637 929 825 968 cecidisse
854 929 1037 967 animalia
1066 937 1230 979 possunt

3 986 22 991 ’Ἴ
62 1008 88 1024 ³·
131 996 218 1033 Nec
245 994 436 1033 terrestria
464 995 515 1033 de
542 994 652 1032 salsis
681 994 804 1032 exisse
833 994 992 1032 lacunis.

132 1057 336 1108 Linquitur
364 1064 407 1095 ut
434 1057 573 1095 merito
601 1064 819 1095 maternum
849 1070 995 1095 nomen
1025 1057 1168 1106 adepta

131 1123 252 1159 Terra
279 1120 338 1168 sit,
369 1133 390 1158 e
419 1128 518 1158 terra
546 1119 733 1169 quoniam
763 1127 854 1157 sunt
882 1127 1025 1158 cuncta
1053 1128 1191 1159 creata.

133 1186 339 1234 Multaque
368 1197 472 1222 nunc
500 1183 618 1221 etiam
646 1183 814 1221 existunt
842 1183 1025 1221 animalia
1055 1183 1162 1221 terris

133 1249 327 1289 Imbribus
356 1256 394 1287 et
423 1248 550 1287 calido
580 1247 670 1287 solis
699 1256 882 1286 concreta
910 1261 1079 1297 vapore3

133 1315 224 1362 Quo
253 1313 382 1351 minus
410 1320 469 1350 est
497 1311 637 1349 mirum
666 1311 697 1349 si
726 1318 808 1349 tum
839 1319 928 1348 sunt
956 1312 1067 1360 plura
1096 1318 1243 1355 coorta¹
1294 1320 1296 1322 ·

133 1380 185 1416 Et
212 1377 369 1423 maiora,
399 1390 500 1415 nova
529 1378 665 1414 tellure
693 1384 812 1425 atque
840 1377 996 1414 aethere
1025 1376 1169 1414 adulta.
1189 1357 1267 1399 ⁴³¹¹:

134 1441 330 1491 Principio
357 1454 479 1491 genus
509 1442 670 1478 alituum
699 1440 905 1489 variaeque
934 1441 1110 1478 volucres

133 1507 221 1545 Ova
247 1500 518 1555 relinquebant
546 1505 722 1543 exclusae
752 1492 928 1553 ternpore
957 1517 1088 1550 verno,

133 1570 344 1608 Folliculos
372 1577 414 1607 ut
441 1581 547 1607 nunc
575 1576 716 1606 teretes
745 1575 892 1605 aestate
921 1566 1081 1605 cicadae

133 1634 336 1683 Linquunt
364 1641 503 1682 sponte
533 1645 602 1670 sua
629 1632 775 1669 victum
804 1631 1001 1680 vitamque
1029 1638 1217 1681 petentes.

132 1698 237 1736 Tum
265 1697 337 1736 tibi
365 1705 464 1735 terra
492 1696 601 1735 dedit
630 1695 798 1744 primum
828 1695 1006 1733 mortalia
1035 1696 1172 1733 saecla.

134 1764 284 1801 Multus
311 1761 416 1800 enim
445 1763 550 1799 calor
577 1767 693 1809 atque
724 1772 837 1797 umor
866 1760 1072 1808 superabat
1101 1759 1141 1796 in
1169 1758 1278 1796 arvis.

135 1829 228 1866 Hoc
254 1825 321 1865 ubi
349 1837 529 1875 quaeque
557 1824 633 1862 loci
661 1824 766 1873 regio
795 1831 1016 1873 opportuna
1043 1824 1220 1870 dabatur,

135 1879 374 1928 Crescebant
402 1888 500 1927 uteri
529 1896 667 1926 terram
696 1886 890 1924 radicibus
919 1884 1025 1935 apti3
1070 1888 1096 1931 J
1175 1888 1184 1894 “

135 1955 246 2003 Quos
273 1951 340 1991 ubi
368 1959 543 2001 tempore
571 1958 724 1989 maturo
753 1949 988 1998 patefecerat
1017 1956 1146 1986 aestus

136 2018 333 2056 Infanturn
361 2016 513 2065 fugiens
541 2027 717 2053 umorem
746 2025 938 2061 aurasque
966 2020 1180 2061 petessens‚

136 2081 399 2133 Convertebat
426 2080 479 2119 ibi
508 2086 644 2117 natura
673 2077 862 2116 foramina
890 2082 1055 2115 terrae<
1089 2084 1104 2098 ³·
1156 2096 1161 2100 ·

87 2155 90 2157 ’
112 2139 121 2150 ”
137 2146 188 2182 Et
215 2157 350 2182 sucum
377 2143 487 2182 venis
515 2144 681 2192 cogebat
709 2142 870 2179 fundere
899 2139 1043 2189 apertis

138 2205 392 2246 Consimilem
421 2205 540 2253 lactis,
575 2205 673 2243 sicut
701 2200 806 2241 nunc
834 2202 979 2241 femina
1008 2215 1186 2251 quaeque

1403 93 1447 130 25

1375 420 1448 467 785

1376 749 1451 785 790

1376 1066 1448 1104 795

1375 1378 1453 1412 800

1375 1696 1449 1743 805

1375 2014 1451 2050 810
