1648 2452
140 102 188 148 38
485 101 574 137 DE
610 100 835 138 RERUM
866 100 1116 138 NATURA

138 182 300 223 Solliciti
328 191 458 222 motus
486 184 591 221 hunc
621 184 773 232 possint
800 184 898 222 ferre
927 185 1112 232 laborem,

138 250 202 286 An
230 247 416 286 divinitus
444 240 601 285 aeterna
630 247 776 285 donata
805 248 928 287 salute
1363 260 1459 298 1215

140 313 333 362 Perpetuo
361 310 514 360 possint
542 310 627 348 aevi
656 310 830 349 labentia
859 318 983 349 tractu

143 376 319 415 Inmensi
350 376 497 414 validas
525 375 611 414 aevi
640 383 894 414 contemnere
922 375 1032 415 vires.

93 430 96 435 ,
143 444 348 480 Praeterea
376 440 439 478 cui
467 452 547 478 non
577 439 730 477 animus
758 439 967 478 formidine
997 440 1130 478 divum

141 505 402 550 Contrahitur‚
434 503 496 542 cui
523 517 604 542 non
634 511 844 552 correpunt
872 505 1050 543 membra
1078 517 1232 554 pavore,

140 568 330 608 Fulminis
358 567 532 607 horribili
561 581 651 606 cum
681 568 795 617 plaga
823 568 968 606 torrida
997 570 1111 607 tellus
1368 581 1463 606 1220

141 633 359 673 Contremit
388 640 428 672 et
456 646 642 682 magnum
670 640 898 682 percurrunt
928 646 1124 671 murmura
1153 634 1335 672 caelum?

141 701 235 737 Non
264 699 400 748 populi
428 703 643 747 gentesque
674 704 858 744 tremunt,
888 709 1079 746 regesque
1108 697 1269 746 superbi

141 763 368 812 Corripiunt
396 762 529 801 divum
558 761 732 812 percussi
763 763 938 799 membra
966 761 1118 809 timore,

142 829 179 866 N
185 828 303 877 equid
330 828 383 865 ob
412 827 629 865 admissum
657 827 772 864 foede
802 827 1001 864 dictumve
1031 827 1198 875 superbe

143 894 364 931 Poenarum
390 904 507 941 grave
536 890 583 929 sit
613 890 792 929 solvendi
822 898 977 939 tempus
1007 891 1217 929 adultum?
1367 901 1463 939 1225

141 959 302 996 Summa
330 956 449 995 etiarn
478 969 567 994 cum
597 956 654 993 vis
682 954 845 994 violenti
874 968 944 1004 per
973 968 1079 993 mare
1108 955 1216 993 venti

144 1023 469 1071 Induperatorem
499 1009 631 1059 classis
660 1034 775 1070 super
803 1033 975 1069 aequora
1004 1020 1121 1059 verrit

144 1088 247 1126 Cum
275 1086 413 1125 validis
442 1085 586 1136 pariter
614 1085 834 1135 legionibus
863 1093 982 1134 atque
1010 1085 1241 1134 elephantis,

145 1153 238 1190 Non
266 1151 402 1190 divum
432 1163 573 1200 pacem
601 1150 701 1188 votis
730 1149 813 1189 adit
841 1163 887 1187 ac
915 1163 1032 1199 prece
1061 1150 1212 1198 quaesit

144 1217 362 1254 Ventorum
391 1215 556 1265 pavidus
586 1228 704 1264 paces
733 1215 962 1264 animasque
991 1215 1214 1253 secundas?
1370 1226 1469 1262 1230

146 1281 406 1330 Nequiquam,
438 1280 627 1330 quoniam
656 1275 830 1318 violento
859 1278 1013 1318 turbine
1043 1291 1160 1328 saepe

144 1346 356 1394 Correptus
385 1344 465 1382 nilo
494 1344 612 1382 fertur
640 1342 770 1380 minus
799 1344 850 1381 ad
880 1344 980 1381 vada
1008 1341 1086 1381 leti.

146 1411 285 1459 Usque
313 1409 415 1447 adeo
444 1421 504 1446 res
533 1409 726 1446 humanas
755 1406 812 1446 vis
841 1408 976 1446 abdita
1005 1395 1197 1457 quaedam

146 1473 301 1513 Obterit
330 1481 369 1511 et
396 1473 580 1522 pulchros
610 1473 735 1510 fasces
765 1463 979 1521 saevasque
1009 1483 1162 1509 secures

147 1538 376 1576 Proculcare
405 1549 452 1574 ac
480 1535 650 1574 ludibrio
679 1534 753 1574 sibi
781 1536 925 1574 habere
954 1535 1116 1574 videtur.
1372 1544 1468 1581 1235

147 1598 343 1650 Denique*
361 1601 433 1639 sub
462 1600 629 1649 pedibus
657 1600 771 1638 tellus
800 1613 889 1638 cum
920 1606 1002 1637 tota
1030 1598 1186 1637 vacillat

149 1665 454 1713 Concussaeque
482 1665 629 1701 cadunt
656 1663 772 1700 urbes
801 1662 1022 1711 dubiaeque
1050 1661 1257 1707 minantur,

150 1728 259 1777 Quid
288 1728 427 1766 mirum
457 1726 489 1766 si
519 1740 560 1766 se
589 1734 769 1766 temnunt
798 1726 977 1765 mortalia
1005 1727 1133 1764 saecla

149 1795 281 1842 Atque
309 1798 522 1841 potestates
551 1803 713 1840 magnas
742 1789 938 1839 mirasque
966 1788 1192 1838 relinquunt
1258 1799 1262 1802 ’
1286 1784 1289 1786 ’

150 1858 199 1895 In
227 1857 341 1895 rebus
369 1855 469 1894 vires
498 1855 643 1901 divum,
675 1866 775 1903 quae
804 1862 946 1891 cuncta
973 1854 1219 1903 gubernent?
1372 1865 1472 1899 1240

203 1920 322 1970 Quod
342 1927 528 1969 superest,
549 1932 616 1957 aes
635 1926 753 1968 atque
772 1932 909 1965 aurum
930 1919 1151 1967 ferrumque
1171 1926 1406 1972 rep-ertumst

152 1987 203 2024 Et
231 1985 346 2023 simul
374 1984 522 2035 argenti
550 1985 707 2034 pondus
736 1982 966 2032 plumbique
995 1990 1180 2032 potestas,

153 2049 259 2099 Ignis
287 2048 356 2087 ubi
384 2048 562 2099 ingentes
591 2049 705 2086 silvas
733 2048 872 2085 ardore
899 2053 1088 2085 cremarat

155 2101 358 2151 Montibus
387 2111 428 2149 in
456 2110 620 2160 magnis,
652 2123 721 2148 seu
750 2109 849 2148 caeli
878 2109 1041 2147 fulmine
1070 2109 1201 2154 misso,

153 2177 242 2215 Sive
270 2176 379 2224 quod
407 2175 506 2212 inter
535 2187 576 2212 se
606 2174 752 2212 bellum
782 2172 955 2211 silvestre
983 2182 1161 2222 gerentes
1375 2184 1470 2222 1245

155 2240 350 2279 Hostibus
379 2238 589 2277 intulerant
617 2238 748 2287 ignem
777 2236 994 2275 formidinis
1023 2249 1124 2291 ergo,
1336 2239 1339 2242 ’
