1648 2452
199 101 246 137 28
543 98 632 136 DE
668 99 899 136 RERUM
927 97 1172 135 NATURA

195 186 326 223 Floret
354 196 489 232 equus,
518 195 616 232 puer
644 182 972 230 haudquaquam3
1001 194 1092 219 nam
1121 195 1238 231 saepe
1267 182 1384 220 etiam
1413 195 1517 220 nunc

195 248 328 286 Ubera
356 259 614 284 mammarum
643 245 683 282 in
712 245 858 283 somnis
887 245 1070 283 lactantia
1099 255 1266 294 quaeret.

198 314 290 350 Post
318 311 384 350 ubi
413 323 557 360 equum
586 310 736 348 validae
764 308 863 347 vires
892 316 1019 347 aetate
1049 318 1208 348 senecta
1308 362 1310 364 ‚
1336 357 1339 370 Δ

199 376 454 424 Membraque
483 373 669 412 deficiunt
697 372 859 423 fugienti
888 372 1072 422 languida
1100 372 1187 420 vita,
1218 364 1242 404 ]
1261 386 1265 397 ³

162 486 166 494 γ’
188 443 299 478 »Tum
328 440 487 478 demum
516 451 637 488 puero
666 437 720 475 illi
749 450 847 476 aevo
878 438 1040 475 florente
1070 437 1247 476 iuventas

54 490 65 526 ²·
93 491 153 549 μ’»
197 502 352 552 Occipit
381 509 419 540 et
447 501 555 540 molli
583 502 696 540 vestit
725 501 907 550 lanugine
935 502 1067 539 malas.

166 567 177 571 ’
198 569 260 606 Ne
288 569 386 606 forte
415 580 463 605 ex
491 567 652 605 homine
681 574 720 604 et
748 566 923 604 veterino
953 567 1103 605 semine
1131 579 1320 616 equorum

199 632 370 672 Confieri
400 632 534 670 credas
565 632 785 670 Centauros
813 643 930 680 posse
959 643 1088 680 neque
1117 644 1212 678 esse,

198 699 277 735 Aut
304 696 449 735 rabidis
477 696 640 734 canibus
669 695 887 734 succinctas
918 695 1176 734 semimarinis

199 761 439 810 Corporibus
468 762 614 816 Schlas
642 767 682 799 et
710 768 839 799 cetera
867 761 917 799 de
946 773 1086 809 genere
1116 762 1268 807 horum,

201 827 308 863 Inter
336 837 376 862 se
405 837 570 874 quorum
601 824 796 862 discordia
824 824 1000 862 membra
1027 823 1206 861 videmus
1222 838 1231 870 ;

200 889 313 937 Quae
341 901 470 937 neque
498 888 707 926 florescunt
736 888 879 937 pariter
907 901 982 926 nec
1010 890 1152 926 robora
1181 896 1336 926 sumunt

201 952 440 1002 Corporibus
469 965 597 1001 neque
625 951 822 1001 proiciunt
851 959 978 990 aetate
1007 959 1166 989 senecta

203 1018 288 1054 Nec
316 1015 432 1053 simili
459 1016 614 1054 Venere
642 1015 849 1053 ardescunt
879 1028 952 1054 nec
980 1015 1154 1053 moribus
1184 1014 1270 1052 unis

203 1078 465 1125 Conveniunt,
495 1091 625 1127 neque
653 1086 742 1116 sunt
772 1079 909 1116 eadem
940 1077 1110 1115 iucunda
1138 1090 1207 1126 per
1235 1084 1349 1114 artus.
1381 1121 1383 1123 ,

203 1142 363 1191 Quippe
391 1141 522 1180 videre
551 1141 641 1179 licet
670 1140 924 1189 pinguescere
953 1153 1070 1189 saepe
1098 1140 1226 1177 cicuta
1248 1139 1308 1184 di·
1334 1156 1347 1170 -·

204 1206 429 1256 Barbigeras
457 1206 642 1255 pecudes,
673 1204 823 1243 homini
854 1218 956 1254 quae
985 1212 1043 1243 est
1071 1217 1158 1243 acre
1186 1216 1391 1242 venenum.

205 1273 381 1309 Flamma
408 1271 568 1319 quidem
596 1283 689 1308 vero
718 1282 808 1307 cum
836 1281 1000 1319 corpora
1027 1270 1131 1307 fulva
1158 1269 1318 1307 leonum

203 1337 305 1374 Tam
334 1337 456 1374 soleat
484 1343 626 1372 torrere
654 1341 773 1382 atque
801 1346 911 1372 urere
941 1346 1060 1382 quam
1088 1345 1210 1382 genus
1239 1344 1357 1369 omne

205 1399 374 1438 Visceris
402 1399 443 1437 in
471 1398 588 1437 terris·
609 1399 888 1447 quodcumque
917 1405 954 1436 et
984 1396 1182 1446 sanguinis
1211 1404 1326 1449 efflet,

206 1461 284 1511 Qui
312 1460 393 1499 fieri
420 1460 557 1510 potuit,
588 1458 729 1509 triplici
757 1471 845 1510 cum
876 1471 1038 1507 corpore
1066 1467 1108 1496 ut
1135 1471 1223 1503 una,

207 1526 337 1564 Prima
364 1527 437 1572 leo,
467 1533 664 1575 postrema
691 1525 821 1571 draco,
853 1522 984 1561 media
1010 1522 1107 1572 ipsa,
1135 1522 1343 1561 Chimaera

207 1591 287 1628 Ore
314 1590 572 1627 foras‘acrem
601 1588 710 1625 flaret
740 1587 789 1624 de
819 1599 982 1635 corpore
1012 1587 1238 1624 flammam?

208 1655 337 1703 Quare
365 1653 482 1691 etiam
512 1653 647 1690 tellure
677 1664 779 1689 nova
807 1651 997 1699 caeloque
1026 1649 1175 1688 recenti

208 1717 321 1755 Talia
348 1717 414 1766 qui
442 1717 551 1766 fingit
580 1716 756 1765 potuisse
784 1715 968 1752 animalia
995 1714 1111 1764 gigni,

209 1782 333 1820 Nixus
361 1782 401 1818 in
435 1781 510 1818 hoc
537 1791 617 1816 uno
646 1777 829 1816 novitatis
859 1777 1020 1816 nomine
1040 1776 1168 1824 inani,

211 1847 339 1884 Multa
365 1845 455 1895 licet
482 1843 596 1882 simili
623 1843 774 1882 ratione
803 1842 950 1881 effutiat
979 1855 1056 1890 ore,

210 1912 339 1948 Aurea
366 1917 449 1947 tum
478 1908 584 1946 dicat
611 1920 680 1956 per
709 1915 827 1946 terras
856 1907 1016 1945 flumina
1044 1903 1195 1955 vu1g02⁹
1216 1910 1218 1912 ’

211 1971 382 2010 Fluxisse
411 1977 449 2009 et
476 1970 642 2019 gemmis
671 1970 805 2008 florere
834 1969 990 2007 arbusta
1018 1971 1150 2007 sue'sse

210 2037 290 2074 Aut
317 2033 526 2086 hominem·
547 2040 656 2071 tanto
684 2033 949 2071 membrorum
977 2044 1063 2070 esse
1090 2031 1236 2081 impete
1264 2040 1410 2078 natum,

210 2099 336 2135 Trans
366 2096 485 2134 maria
512 2096 590 2133 alta
616 2096 763 2145 pedum
793 2095 900 2134 nisus
928 2103 970 2133 ut
999 2107 1146 2144 ponere
1176 2102 1309 2144 posset

212 2162 263 2198 Et
291 2160 471 2198 manibus
499 2152 626 2198 toturn
653 2161 796 2197 circum
828 2172 869 2198 se
899 2166 1047 2197 vertere
1077 2160 1240 2197 caelum.

213 2226 316 2262 Nam
346 2225 453 2273 quod
482 2225 606 2261 multa
640 2225 746 2261 fuere
774 2224 812 2260 in
844 2223 952 2261 terris
980 2224 1129 2261 semina
1157 2235 1281 2260 rerum

1441 247 1516 295 885

1445 570 1520 615 890

1446 889 1521 936 895

1450 1216 1525 1251 900

1452 1531 1525 1569 905

1453 1821 1529 1890 ἐμω

1455 2169 1529 2208 915
