1648 2452
133 99 182 136 34
477 87 565 123 DE
602 86 830 124 RERUM
861 86 942 122 NA
954 85 993 121 T
994 85 1108 122 URA

134 173 182 209 Et
210 183 330 220 quom
359 171 409 208 de
437 170 542 208 victu
571 177 722 208 certant
749 170 998 218 praedaeque
1026 175 1255 216 repugnant.

131 236 182 273 Et
209 234 350 284 partim
379 241 532 286 mutant
560 246 649 272 cum
679 233 978 282 tempestatibus
1007 245 1086 270 una

132 299 379 338 Raucisonos
408 306 558 346 cantus,
589 298 789 336 cornicum
819 305 862 336 ut
890 298 1019 335 saecla
1046 303 1200 335 vetusta

131 364 426 412 Corvorumque
454 374 588 412 greges
617 362 684 399 ubi
713 374 854 410 aquam
883 360 1067 399 dicuntur
1094 367 1134 398 et
1162 359 1306 396 imbres
1350 359 1447 406 1085

132 428 299 465 Poscere
329 433 366 464 et
394 425 593 464 interdum
622 432 760 463 ventos
788 436 979 473 aurasque
1008 435 1157 461 vocare.

133 491 236 540 Ergo
265 490 297 528 si
324 489 418 527 varii
446 502 582 527 sensus
611 488 797 526 animalia
823 495 981 537 cogunt,

133 550 248 593 Muta
276 562 407 592 tamen
436 567 525 591 cum
555 552 644 601 sint,
673 552 796 591 varias
826 552 1003 590 emittere
1031 564 1158 597 voces,

133 618 293 666 Quanto
321 618 504 656 mortales
533 616 655 667 magis
684 623 890 665 aequumst
918 625 1001 653 tum
1030 614 1205 664 potuisse

135 681 354 720 Dissimiles
383 681 459 719 alia
487 688 607 730 atque
636 681 712 718 alia
739 693 798 718 res
827 692 925 718 voce
954 681 1114 717 notare!
1351 689 1452 723 1090

188 747 293 785 Illud
321 746 361 784 in
390 746 449 784 his
478 747 594 785 rebus
623 745 762 783 tacitus
792 757 842 783 ne
871 746 969 783 forte
997 743 1179 793 requiras,

134 812 299 850 Fulmen
326 810 466 850 detulit
494 809 535 848 in
563 817 704 848 terram
734 809 962 847 mortalibus
990 804 1121 859 igne'r‘n

134 876 327 923 Primitus,
358 875 451 913 inde
479 874 607 913 omnis
635 875 880 912 flammarum
909 873 1055 912 diditur
1084 873 1208 911 ardor.

136 941 263 978 Multa
289 939 467 979 videmus
495 938 600 978 enim
630 938 864 977 caelestibus
892 937 1001 975 inlita
1029 937 1194 975 flammis

135 1005 308 1055 Fulgere‚
338 1017 428 1042 cum
459 1003 557 1042 caeli
587 1003 748 1042 donavit
777 1004 893 1052 plaga
921 1016 1078 1052 vapore.
1353 1013 1450 1049 1095

136 1071 186 1107 Et
212 1081 366 1108 ramosa
394 1076 526 1107 tamen
556 1082 646 1123 cum
675 1067 802 1106 ventis
831 1069 945 1117 pulsa
973 1067 1157 1106 vacillans

134 1135 300 1173 Aestuat
328 1133 368 1171 in
396 1146 526 1172 ramos
554 1133 786 1172 incumbens
815 1132 963 1186 arboris
992 1133 1116 1179 arbor,

136 1197 373 1247 Exprimitur
400 1197 537 1236 validis
566 1199 723 1236 extritus
753 1197 897 1236 viribus
925 1195 1025 1247 ignis

135 1263 186 1300 Et
214 1261 332 1309 micat
358 1261 555 1301 interdum
584 1261 756 1299 flammai
784 1255 952 1300 feruidus
976 1261 1107 1307 ardor,

137 1329 279 1366 Mutua
306 1328 402 1366 dum
430 1327 531 1365 inter
559 1340 601 1365 se
628 1325 726 1364 rami
755 1318 972 1375 stirpesque
1001 1332 1188 1364 teruntur.
1357 1337 1455 1362 1100

137 1394 314 1442 Quorum
343 1399 552 1441 utrumque
581 1391 738 1430 dedisse
767 1391 907 1441 potest
927 1374 1154 1429 mortalibus
1184 1389 1321 1440 ignem.

141 1458 240 1496 Inde
269 1457 402 1495 cibum
432 1468 603 1506 coquere
630 1469 676 1494 ac
706 1457 887 1494 flammae
916 1455 1067 1512 mollire
1095 1459 1240 1504 vap0re

137 1522 203 1560 Sol
231 1521 376 1568 docuit,
407 1520 595 1571 quoniam
625 1519 827 1559 mitescere
856 1522 979 1558 multa
1006 1520 1192 1559 videbant

137 1585 373 1624 Verberibus
401 1584 597 1623 radiorum
625 1591 745 1633 atque
774 1592 884 1622 aestu
913 1583 1015 1622 victa
1042 1596 1111 1633 per
1139 1595 1260 1632 agros.

192 1650 319 1698 Inque
348 1647 431 1687 dies
461 1647 584 1697 magis
613 1648 653 1685 hi
682 1647 827 1685 victum
857 1647 1056 1696 vitamque
1085 1646 1253 1695 priorem
1359 1658 1455 1694 1105

139 1713 393 1752 Commutare
422 1711 535 1750 novis
564 1712 836 1749 monstrabant
864 1711 970 1763 rebu’
1000 1709 1171 1759 benigni,

140 1776 306 1827 Ingenio
335 1776 685 1831 qurpraestabant
713 1783 751 1814 et
779 1768 1119 1825 corde'vigebant.

140 1843 323 1882 Condere
353 1849 567 1891 coeperunt
596 1842 710 1879 urbes
740 1853 949 1890 arcemque
976 1841 1105 1878 locare

142 1905 384 1945 Praesidium
413 1899 523 1955 reg'es
553 1905 626 1955 ipsi
656 1904 730 1944 sibi
759 1901 1069 1954 perfugiumque,

142 1971 193 2008 Et
220 1981 343 2018 pecus
371 1977 488 2018 atque
516 1981 629 2018 agros
658 1967 823 2006 divisere
851 1974 970 2016 atque
997 1966 1140 2005 dedere
1362 1975 1460 2000 1110

142 2036 217 2073 Pro
245 2035 343 2073 facie
371 2033 559 2083 cuiusque
590 2041 629 2072 et
655 2033 799 2071 viribus
828 2030 1089 2082 ingenioque3

143 2100 248 2137 Nam
276 2097 396 2136 facies
425 2099 594 2137 multum
623 2096 744 2135 valuit
771 2095 951 2144 viresque
979 2094 1164 2143 vigentes.

146 2163 341 2202 Posterius
370 2175 429 2200 res
457 2162 650 2200 inventast
678 2150 894 2209 aurumque
922 2158 1128 2208 repertum,

144 2227 264 2276 Quod
292 2226 405 2264 facile
435 2233 472 2264 et
501 2224 639 2264 validis
668 2232 707 2263 et
735 2223 908 2273 pulchris
937 2220 1109 2271 dempsit
1138 2220 1326 2258 honorem
1334 2233 1344 2266 ;
