1648 2452
560 90 748 126 LIBER
790 90 825 136 Q
836 90 1063 127 UJNTUS.
1424 103 1438 125 1
1448 100 1467 138 5

208 175 367 223 Quippe
394 173 541 213 etenim
568 174 736 223 primurn
766 174 879 212 terrai
908 187 1073 223 corpora
1101 187 1292 224 quaeque,

155 240 366 287 Propterea
392 237 502 286 quod
529 245 636 275 erant
664 239 795 286 gravia
822 245 861 276 et
889 239 1086 287 perplexa,
1117 238 1276 277 coibant
1395 252 1470 289 450

154 304 206 339 In
232 301 364 340 medio
392 308 510 351 atque
538 300 636 339 imas
665 300 872 350 capiebant
902 301 1035 339 omnia
1063 303 1201 351 sedes;

156 366 269 415 Quae
297 373 446 415 quanto
473 365 595 415 magis
623 365 723 403 inter
752 378 792 403 se
822 367 1006 415 perplexa
1035 366 1206 412 coibant,

154 431 255 468 Tam
282 428 404 478 magis
431 441 652 477 expressere
680 441 727 467 ea
754 441 855 478 quae
883 442 989 467 mare
1018 429 1144 467 sidera
1173 431 1295 467 solem

130 506 133 507 ⁷
156 496 388 542 Lunamque
384 494 612 540 jfficerent
641 501 679 531 et
708 492 839 542 magni
868 493 1025 531 moenia
1053 494 1200 531 mundi.

134 549 301 596 Omnia
327 556 433 596 enim
461 557 584 606 magis
611 558 709 595 haec
739 570 759 595 e
788 557 937 595 levibus
966 565 1083 606 atque
1112 558 1289 599 rotundis
1397 571 1472 608 455

155 621 376 661 Seminibus
403 622 607 670 multoque
635 620 841 658 minoribu'
870 629 959 658 sunt
988 622 1191 659 elementis

157 687 287 735 Quam
316 686 440 723 tellus.
499 685 610 731 Ideo,
639 697 709 733 per
736 697 818 721 rara
846 684 1049 729 foramina,
1079 691 1200 722 terrae

157 751 334 789 Partibus
363 762 569 799 erumpens
598 748 744 798 primus
774 762 814 787 se
845 750 996 787 sustulit
1025 750 1158 787 aether

158 815 302 866 Ignifer
330 822 368 854 et
395 816 539 853 multos
569 827 701 853 secum
732 814 826 852 levis
855 814 1016 852 abstulit
1045 815 1153 863 ignes
1163 830 1173 862 ;

157 883 251 920 Non
279 882 354 919 alia
381 882 497 930 longe
526 879 677 918 ratione
705 893 751 917 ac
780 892 897 928 saepe
926 879 1115 925 videmus,
1400 882 1477 926 460

156 948 287 984 Aurea
315 957 405 983 curn
434 943 604 994 primum
632 950 876 992 gemmantes
904 956 988 981 rore
1017 956 1087 993 per
1115 944 1253 981 herbas

158 1011 357 1050 Matutina
383 1010 524 1048 rubent
552 1007 691 1046 radiati
719 1008 867 1045 lumina
897 1007 987 1045 solis

159 1076 429 1123 Exhalantque
457 1074 564 1110 lacus
593 1073 779 1110 nebulam
809 1071 993 1120 fluviique
1022 1084 1226 1120 perennes,

125 1141 330 1198 prsaque
358 1146 401 1176 ut
428 1138 625 1176 interdum
654 1138 767 1175 tellus
795 1137 944 1173 fumare
973 1135 1150 1183 videtur3

159 1202 304 1242 Omnia
332 1215 433 1254 quae
462 1214 611 1240 sursum
641 1214 729 1238 cum
759 1199 1026 1244 conciliantur,
1057 1200 1096 1237 in
1126 1201 1204 1237 alto
1402 1203 1478 1248 465

159 1267 335 1315 Corpore
363 1259 548 1303 concreto
576 1265 786 1302 subtexunt
814 1263 947 1301 nubila
976 1264 1139 1300 caelum.

158 1330 221 1368 Sic
249 1330 363 1380 igitur
390 1337 472 1368 tum
503 1343 544 1368 se
573 1328 668 1367 levis
697 1341 743 1366 ac
772 1327 948 1366 diffusilis
978 1329 1113 1365 aether

160 1395 336 1443 Corpore
363 1401 548 1431 concreto
577 1392 839 1430 circumdatus
868 1391 1043 1440 undique
1073 1390 1176 1428 flexit

161 1459 212 1496 Et
239 1458 318 1496 late
345 1457 506 1495 diffusus
535 1457 576 1494 in
604 1469 742 1495 omnes
771 1455 947 1504 undique
976 1463 1107 1504 partes

161 1522 306 1562 Omnia
334 1522 390 1560 sic
417 1522 534 1561 avido
562 1522 770 1570 complexu
799 1528 929 1558 cetera
958 1519 1112 1568 saepsit.
1405 1528 1482 1567 470

162 1588 285 1625 Hunc
312 1586 472 1625 exordia
500 1594 589 1624 sunt
618 1585 710 1623 solis
738 1586 932 1633 lunaeque
961 1591 1106 1629 secuta,

161 1653 453 1699 Interutrasque
480 1649 586 1700 globi
614 1662 779 1698 quorum
808 1656 1009 1686 vertuntur
1036 1647 1076 1685 in
1105 1647 1207 1685 auris
1223 1662 1233 1695 3

162 1716 276 1764 Quae
304 1726 433 1764 neque
461 1721 561 1752 terra
590 1712 663 1751 sibi
691 1711 854 1750 adscivit
882 1724 956 1749 nec
984 1710 1176 1749 maximus
1205 1712 1349 1757 aether,

162 1780 281 1830 Quod
309 1791 438 1828 neque
467 1786 546 1816 tarn
574 1779 729 1816 fuerunt
757 1776 887 1826 gravia
916 1784 958 1814 ut
988 1777 1173 1825 depressa
1202 1778 1396 1822 sederent,

161 1843 248 1881 Nec
275 1843 376 1881 levia
404 1849 447 1879 ut
476 1848 636 1890 possent
663 1853 733 1890 per
761 1851 935 1877 summas
963 1838 1085 1877 labier
1114 1852 1211 1885 oras,
1406 1852 1481 1889 475

163 1909 214 1947 Et
241 1914 374 1946 tamen
401 1906 685 1955 interutrasque
713 1904 766 1943 ita
794 1912 883 1943 sunt
911 1912 955 1943 ut
983 1917 1148 1953 corpora
1175 1903 1262 1942 viva

94 1967 102 1986 ³
162 1971 330 2009 Versent
358 1977 396 2008 et
424 1977 552 2019 partes
579 1976 622 2006 ut
650 1968 788 2006 mundi
816 1968 934 2006 totius
964 1974 1120 2014 extent3

165 2034 285 2086 Quod
311 2046 432 2084 genus
460 2033 501 2071 in
528 2031 644 2071 nobis
672 2032 868 2080 quaedam
896 2031 988 2069 licet
1015 2030 1056 2068 in
1085 2029 1252 2069 statione

166 2097 347 2136 Membra
374 2109 543 2143 manere,
573 2103 706 2134 tamen
735 2107 826 2132 cum
856 2093 931 2132 sint
960 2107 1007 2132 ea
1034 2106 1136 2143 quae
1164 2100 1402 2132 moveantur.

167 2155 244 2199 His
270 2160 384 2211 igitur
410 2161 526 2199 rebus
553 2158 727 2198 retractis
755 2166 855 2197 terra
882 2164 1052 2207 repente⁷
1406 2160 1484 2204 480

167 2226 354 2262 Maxuma
381 2235 458 2272 qua
485 2234 590 2260 nunc
619 2235 660 2260 se
688 2221 800 2270 ponti
829 2221 943 2270 plaga
970 2221 1123 2258 caerula
1151 2220 1287 2267 tendit,

278 2292 316 2317 υ.
1342 2291 1365 2321 4
