<?xml version="1.0" encoding="UTF-8"?>
<!DOCTYPE html PUBLIC "-//W3C//DTD XHTML 1.0 Transitional//EN"
    "http://www.w3.org/TR/xhtml1/DTD/xhtml1-transitional.dtd">
<html xmlns="http://www.w3.org/1999/xhtml" xml:lang="en" lang="en">
 <head>
  <title>
</title>
<meta http-equiv="Content-Type" content="text/html;charset=utf-8" />
  <meta name='ocr-system' content='tesseract 3.04.00' />
  <meta name='ocr-capabilities' content='ocr_page ocr_carea ocr_par ocr_line ocrx_word'/>
</head>
<body>
  <div class='ocr_page' id='page_1' title='image "./dererumnatural00lucruoft_0061.png"; bbox 0 0 1648 2452; ppageno 0'>
   <div class='ocr_carea' id='block_1_1' title="bbox 562 95 1466 143">
    <p class='ocr_par' dir='ltr' id='par_1_1' title="bbox 562 95 1466 143">
     <span class='ocr_line' id='line_1_1' title="bbox 562 95 1466 143; baseline -0.002 -11"><span class='ocrx_word' id='word_1_1' title='bbox 562 96 747 132; x_wconf 81' lang='lat' dir='ltr'><em>LIBER</em></span> <span class='ocrx_word' id='word_1_2' title='bbox 791 95 1065 143; x_wconf 83' lang='lat' dir='ltr'><em>QUINTUS.</em></span> <span class='ocrx_word' id='word_1_3' title='bbox 1422 105 1466 141; x_wconf 87' lang='lat'><strong>27</strong></span> 
     </span>
    </p>
   </div>
   <div class='ocr_carea' id='block_1_2' title="bbox 140 177 1469 2267">
    <p class='ocr_par' dir='ltr' id='par_1_2' title="bbox 140 177 1469 2267">
     <span class='ocr_line' id='line_1_2' title="bbox 154 177 1149 228; baseline -0.001 -11"><span class='ocrx_word' id='word_1_4' title='bbox 154 180 240 217; x_wconf 89' lang='lat' dir='ltr'><strong>Nec</strong></span> <span class='ocrx_word' id='word_1_5' title='bbox 266 185 429 228; x_wconf 89' lang='lat' dir='ltr'><strong>potuere</strong></span> <span class='ocrx_word' id='word_1_6' title='bbox 457 177 632 227; x_wconf 90' lang='lat' dir='ltr'><strong>cupitum</strong></span> <span class='ocrx_word' id='word_1_7' title='bbox 660 177 799 216; x_wconf 88' lang='lat' dir='ltr'><strong>aetatis</strong></span> <span class='ocrx_word' id='word_1_8' title='bbox 828 185 986 228; x_wconf 89' lang='lat' dir='ltr'><strong>tangere</strong></span> <span class='ocrx_word' id='word_1_9' title='bbox 1015 179 1149 221; x_wconf 87' lang='lat' dir='ltr'><strong>florem</strong></span> 
     </span>
     <span class='ocr_line' id='line_1_3' title="bbox 153 240 1210 291; baseline 0 -11"><span class='ocrx_word' id='word_1_10' title='bbox 153 243 239 280; x_wconf 91' lang='lat' dir='ltr'><strong>Nec</strong></span> <span class='ocrx_word' id='word_1_11' title='bbox 263 241 429 291; x_wconf 88' lang='lat' dir='ltr'><strong>reperire</strong></span> <span class='ocrx_word' id='word_1_12' title='bbox 456 240 588 280; x_wconf 89' lang='lat' dir='ltr'><strong>cibum</strong></span> <span class='ocrx_word' id='word_1_13' title='bbox 615 254 690 279; x_wconf 91' lang='lat' dir='ltr'><strong>nec</strong></span> <span class='ocrx_word' id='word_1_14' title='bbox 717 241 825 291; x_wconf 85' lang='lat' dir='ltr'><strong>iungi</strong></span> <span class='ocrx_word' id='word_1_15' title='bbox 853 255 922 291; x_wconf 91' lang='lat' dir='ltr'><strong>per</strong></span> <span class='ocrx_word' id='word_1_16' title='bbox 949 241 1113 281; x_wconf 89' lang='lat' dir='ltr'><strong>Veneris</strong></span> <span class='ocrx_word' id='word_1_17' title='bbox 1140 255 1210 280; x_wconf 90' lang='lat' dir='ltr'><strong>res.</strong></span> 
     </span>
     <span class='ocr_line' id='line_1_4' title="bbox 153 305 1206 352; baseline 0 -8"><span class='ocrx_word' id='word_1_18' title='bbox 153 308 280 344; x_wconf 89' lang='lat' dir='ltr'><strong>Multa</strong></span> <span class='ocrx_word' id='word_1_19' title='bbox 307 306 485 344; x_wconf 89' lang='lat' dir='ltr'><strong>videmus</strong></span> <span class='ocrx_word' id='word_1_20' title='bbox 514 305 619 344; x_wconf 90' lang='lat' dir='ltr'><strong>enim</strong></span> <span class='ocrx_word' id='word_1_21' title='bbox 649 307 764 344; x_wconf 91' lang='lat' dir='ltr'><strong>rebus</strong></span> <span class='ocrx_word' id='word_1_22' title='bbox 793 318 1022 344; x_wconf 86' lang='lat' dir='ltr'><strong>concurrere</strong></span> <span class='ocrx_word' id='word_1_23' title='bbox 1051 307 1206 352; x_wconf 88' lang='lat' dir='ltr'><strong>debere,</strong></span> 
     </span>
     <span class='ocr_line' id='line_1_5' title="bbox 151 369 1468 419; baseline -0.002 -10"><span class='ocrx_word' id='word_1_24' title='bbox 151 372 207 409; x_wconf 94' lang='lat' dir='ltr'><strong>Ut</strong></span> <span class='ocrx_word' id='word_1_25' title='bbox 236 370 489 419; x_wconf 89' lang='lat' dir='ltr'><strong>propagando</strong></span> <span class='ocrx_word' id='word_1_26' title='bbox 516 369 670 418; x_wconf 87' lang='lat' dir='ltr'><strong>possint</strong></span> <span class='ocrx_word' id='word_1_27' title='bbox 698 370 916 418; x_wconf 87' lang='lat' dir='ltr'>procudere</span> <span class='ocrx_word' id='word_1_28' title='bbox 945 370 1084 408; x_wconf 87' lang='lat' dir='ltr'><strong>saecla.</strong></span> <span class='ocrx_word' id='word_1_29' title='bbox 1392 371 1468 417; x_wconf 86' lang='lat'><strong>850</strong></span> 
     </span>
     <span class='ocr_line' id='line_1_6' title="bbox 203 427 1465 483; baseline -0.002 -11"><span class='ocrx_word' id='word_1_30' title='bbox 203 435 409 483; x_wconf 90' lang='lat' dir='ltr'><strong>Multaque</strong></span> <span class='ocrx_word' id='word_1_31' title='bbox 429 441 512 472; x_wconf 90' lang='lat' dir='ltr'><strong>tum</strong></span> <span class='ocrx_word' id='word_1_32' title='bbox 539 427 732 471; x_wconf 83' lang='lat' dir='ltr'><strong>interiisse</strong></span> <span class='ocrx_word' id='word_1_33' title='bbox 751 433 995 471; x_wconf 85' lang='lat' dir='ltr'><strong>animantum</strong></span> <span class='ocrx_word' id='word_1_34' title='bbox 1024 433 1152 471; x_wconf 86' lang='lat' dir='ltr'><strong>saecla</strong></span> <span class='ocrx_word' id='word_1_35' title='bbox 1177 440 1371 471; x_wconf 78' lang='lat' dir='ltr'><strong>necessest</strong></span> <span class='ocrx_word' id='word_1_36' title='bbox 1393 435 1465 481; x_wconf 82' lang='lat'><strong>855</strong></span> 
     </span>
     <span class='ocr_line' id='line_1_7' title="bbox 151 497 1160 547; baseline -0.002 -11"><span class='ocrx_word' id='word_1_37' title='bbox 151 498 236 535; x_wconf 90' lang='lat' dir='ltr'><strong>Nec</strong></span> <span class='ocrx_word' id='word_1_38' title='bbox 263 498 437 547; x_wconf 89' lang='lat' dir='ltr'><strong>potuisse</strong></span> <span class='ocrx_word' id='word_1_39' title='bbox 466 498 722 546; x_wconf 82' lang='lat' dir='ltr'><strong>propagando</strong></span> <span class='ocrx_word' id='word_1_40' title='bbox 751 497 968 545; x_wconf 88' lang='lat' dir='ltr'><strong>procudere</strong></span> <span class='ocrx_word' id='word_1_41' title='bbox 996 497 1160 545; x_wconf 87' lang='lat' dir='ltr'><strong>prolem.</strong></span> 
     </span>
     <span class='ocr_line' id='line_1_8' title="bbox 150 559 1174 615; baseline -0.002 -17"><span class='ocrx_word' id='word_1_42' title='bbox 150 562 253 598; x_wconf 92' lang='lat' dir='ltr'><strong>Nam</strong></span> <span class='ocrx_word' id='word_1_43' title='bbox 281 574 553 610; x_wconf 87' lang='lat' dir='ltr'><strong>quaecumque</strong></span> <span class='ocrx_word' id='word_1_44' title='bbox 582 560 691 615; x_wconf 82' lang='lat' dir='ltr'><strong>vides</strong></span> <span class='ocrx_word' id='word_1_45' title='bbox 719 559 824 598; x_wconf 89' lang='lat' dir='ltr'><strong>vesci</strong></span> <span class='ocrx_word' id='word_1_46' title='bbox 853 559 1034 598; x_wconf 88' lang='lat' dir='ltr'><strong>vitalibus</strong></span> <span class='ocrx_word' id='word_1_47' title='bbox 1063 559 1174 606; x_wconf 87' lang='lat' dir='ltr'><strong>auris,</strong></span> 
     </span>
     <span class='ocr_line' id='line_1_9' title="bbox 151 623 1220 673; baseline -0.002 -10"><span class='ocrx_word' id='word_1_48' title='bbox 151 627 228 663; x_wconf 92' lang='lat' dir='ltr'><strong>Aut</strong></span> <span class='ocrx_word' id='word_1_49' title='bbox 255 626 370 663; x_wconf 92' lang='lat' dir='ltr'><strong>dolus</strong></span> <span class='ocrx_word' id='word_1_50' title='bbox 398 632 464 663; x_wconf 88' lang='lat' dir='ltr'><strong>aut</strong></span> <span class='ocrx_word' id='word_1_51' title='bbox 492 624 612 663; x_wconf 87' lang='lat' dir='ltr'><strong>virtus</strong></span> <span class='ocrx_word' id='word_1_52' title='bbox 640 632 706 662; x_wconf 89' lang='lat' dir='ltr'><strong>aut</strong></span> <span class='ocrx_word' id='word_1_53' title='bbox 735 623 908 673; x_wconf 88' lang='lat' dir='ltr'><strong>denique</strong></span> <span class='ocrx_word' id='word_1_54' title='bbox 936 623 1132 661; x_wconf 85' lang='lat' dir='ltr'><strong>mobilitas</strong></span> <span class='ocrx_word' id='word_1_55' title='bbox 1161 630 1220 661; x_wconf 90' lang='lat' dir='ltr'><strong>est</strong></span> 
     </span>
     <span class='ocr_line' id='line_1_10' title="bbox 148 688 1128 738; baseline 0 -13"><span class='ocrx_word' id='word_1_56' title='bbox 148 690 207 726; x_wconf 87' lang='lat' dir='ltr'><strong>Ex</strong></span> <span class='ocrx_word' id='word_1_57' title='bbox 235 688 395 727; x_wconf 89' lang='lat' dir='ltr'><strong>ineunte</strong></span> <span class='ocrx_word' id='word_1_58' title='bbox 422 702 521 728; x_wconf 90' lang='lat' dir='ltr'><strong>aevo</strong></span> <span class='ocrx_word' id='word_1_59' title='bbox 549 701 672 738; x_wconf 88' lang='lat' dir='ltr'><strong>genus</strong></span> <span class='ocrx_word' id='word_1_60' title='bbox 700 688 741 726; x_wconf 92' lang='lat' dir='ltr'><strong>id</strong></span> <span class='ocrx_word' id='word_1_61' title='bbox 769 695 894 726; x_wconf 89' lang='lat' dir='ltr'><strong>tutata</strong></span> <span class='ocrx_word' id='word_1_62' title='bbox 921 700 1128 726; x_wconf 85' lang='lat' dir='ltr'><strong>reservans.</strong></span> 
     </span>
     <span class='ocr_line' id='line_1_11' title="bbox 149 751 1468 802; baseline -0.003 -12"><span class='ocrx_word' id='word_1_63' title='bbox 149 753 354 802; x_wconf 88' lang='lat' dir='ltr'><strong>Multaque</strong></span> <span class='ocrx_word' id='word_1_64' title='bbox 382 761 482 798; x_wconf 87' lang='lat' dir='ltr'><strong>sunt,</strong></span> <span class='ocrx_word' id='word_1_65' title='bbox 512 753 626 791; x_wconf 90' lang='lat' dir='ltr'><strong>nobis</strong></span> <span class='ocrx_word' id='word_1_66' title='bbox 655 766 704 791; x_wconf 88' lang='lat' dir='ltr'><strong>ex</strong></span> <span class='ocrx_word' id='word_1_67' title='bbox 732 753 897 791; x_wconf 88' lang='lat' dir='ltr'><strong>utilitate</strong></span> <span class='ocrx_word' id='word_1_68' title='bbox 926 765 995 790; x_wconf 88' lang='lat' dir='ltr'><strong>sua</strong></span> <span class='ocrx_word' id='word_1_69' title='bbox 1023 765 1124 802; x_wconf 91' lang='lat' dir='ltr'><strong>quae</strong></span> <span class='ocrx_word' id='word_1_70' title='bbox 1392 751 1468 787; x_wconf 84' lang='lat'><strong>860</strong></span> 
     </span>
     <span class='ocr_line' id='line_1_12' title="bbox 147 816 1177 863; baseline 0 -8"><span class='ocrx_word' id='word_1_71' title='bbox 147 817 436 855; x_wconf 90' lang='lat' dir='ltr'><strong>Commendata</strong></span> <span class='ocrx_word' id='word_1_72' title='bbox 463 824 634 863; x_wconf 85' lang='lat' dir='ltr'><strong>manent,</strong></span> <span class='ocrx_word' id='word_1_73' title='bbox 665 818 810 855; x_wconf 86' lang='lat' dir='ltr'><strong>tutelae</strong></span> <span class='ocrx_word' id='word_1_74' title='bbox 839 816 979 854; x_wconf 88' lang='lat' dir='ltr'><strong>tradita</strong></span> <span class='ocrx_word' id='word_1_75' title='bbox 1008 824 1177 855; x_wconf 90' lang='lat' dir='ltr'><strong>nostrae.</strong></span> 
     </span>
     <span class='ocr_line' id='line_1_13' title="bbox 147 878 1179 930; baseline 0 -14"><span class='ocrx_word' id='word_1_76' title='bbox 147 878 343 929; x_wconf 90' lang='lat' dir='ltr'><strong>Principio</strong></span> <span class='ocrx_word' id='word_1_77' title='bbox 370 893 494 930; x_wconf 90' lang='lat' dir='ltr'><strong>genus</strong></span> <span class='ocrx_word' id='word_1_78' title='bbox 524 893 612 918; x_wconf 87' lang='lat' dir='ltr'><strong>acre</strong></span> <span class='ocrx_word' id='word_1_79' title='bbox 641 881 798 918; x_wconf 87' lang='lat' dir='ltr'><strong>leonum</strong></span> <span class='ocrx_word' id='word_1_80' title='bbox 829 893 1022 928; x_wconf 87' lang='lat' dir='ltr'><strong>saevaque</strong></span> <span class='ocrx_word' id='word_1_81' title='bbox 1051 881 1179 917; x_wconf 78' lang='lat' dir='ltr'><strong>saecla</strong></span> 
     </span>
     <span class='ocr_line' id='line_1_14' title="bbox 145 945 1154 994; baseline -0.001 -12"><span class='ocrx_word' id='word_1_82' title='bbox 145 946 326 983; x_wconf 90' lang='lat' dir='ltr'><strong>Tutatast</strong></span> <span class='ocrx_word' id='word_1_83' title='bbox 353 945 484 991; x_wconf 91' lang='lat' dir='ltr'><strong>virtus,</strong></span> <span class='ocrx_word' id='word_1_84' title='bbox 515 945 652 994; x_wconf 89' lang='lat' dir='ltr'><strong>volpes</strong></span> <span class='ocrx_word' id='word_1_85' title='bbox 681 945 795 983; x_wconf 93' lang='lat' dir='ltr'><strong>dolus</strong></span> <span class='ocrx_word' id='word_1_86' title='bbox 824 952 863 982; x_wconf 94' lang='lat' dir='ltr'><strong>et</strong></span> <span class='ocrx_word' id='word_1_87' title='bbox 892 945 981 994; x_wconf 80' lang='lat' dir='ltr'><strong>fuga</strong></span> <span class='ocrx_word' id='word_1_88' title='bbox 1009 956 1154 982; x_wconf 90' lang='lat' dir='ltr'><strong>cervos.</strong></span> 
     </span>
     <span class='ocr_line' id='line_1_15' title="bbox 144 1008 1178 1057; baseline -0.002 -10"><span class='ocrx_word' id='word_1_89' title='bbox 144 1010 197 1047; x_wconf 89' lang='lat' dir='ltr'><strong>At</strong></span> <span class='ocrx_word' id='word_1_90' title='bbox 224 1008 440 1047; x_wconf 86' lang='lat' dir='ltr'><strong>levisomna</strong></span> <span class='ocrx_word' id='word_1_91' title='bbox 467 1021 610 1046; x_wconf 93' lang='lat' dir='ltr'><strong>canum</strong></span> <span class='ocrx_word' id='word_1_92' title='bbox 639 1009 720 1046; x_wconf 88' lang='lat' dir='ltr'><strong>fido</strong></span> <span class='ocrx_word' id='word_1_93' title='bbox 749 1021 839 1046; x_wconf 90' lang='lat' dir='ltr'><strong>cum</strong></span> <span class='ocrx_word' id='word_1_94' title='bbox 869 1015 1030 1057; x_wconf 86' lang='lat' dir='ltr'><strong>pectore</strong></span> <span class='ocrx_word' id='word_1_95' title='bbox 1059 1008 1178 1046; x_wconf 87' lang='lat' dir='ltr'><strong>corda</strong></span> 
     </span>
     <span class='ocr_line' id='line_1_16' title="bbox 146 1070 1465 1121; baseline -0.002 -11"><span class='ocrx_word' id='word_1_96' title='bbox 146 1074 197 1110; x_wconf 84' lang='lat' dir='ltr'><strong>Et</strong></span> <span class='ocrx_word' id='word_1_97' title='bbox 223 1085 346 1121; x_wconf 77' lang='lat' dir='ltr'><strong>genus</strong></span> <span class='ocrx_word' id='word_1_98' title='bbox 374 1085 493 1110; x_wconf 91' lang='lat' dir='ltr'><strong>omne</strong></span> <span class='ocrx_word' id='word_1_99' title='bbox 521 1072 630 1121; x_wconf 88' lang='lat' dir='ltr'><strong>quod</strong></span> <span class='ocrx_word' id='word_1_100' title='bbox 660 1078 718 1110; x_wconf 90' lang='lat' dir='ltr'><strong>est</strong></span> <span class='ocrx_word' id='word_1_101' title='bbox 747 1071 920 1110; x_wconf 89' lang='lat' dir='ltr'><strong>veterino</strong></span> <span class='ocrx_word' id='word_1_102' title='bbox 950 1070 1100 1109; x_wconf 87' lang='lat' dir='ltr'><strong>semine</strong></span> <span class='ocrx_word' id='word_1_103' title='bbox 1129 1079 1283 1120; x_wconf 84' lang='lat' dir='ltr'><strong>partum</strong></span> <span class='ocrx_word' id='word_1_104' title='bbox 1305 1071 1336 1097; x_wconf 47' lang='grc' dir='ltr'><em>Γ</em></span> <span class='ocrx_word' id='word_1_105' title='bbox 1391 1073 1465 1121; x_wconf 89' lang='grc'><strong>865</strong></span> 
     </span>
     <span class='ocr_line' id='line_1_17' title="bbox 145 1130 1208 1186; baseline -0.001 -12"><span class='ocrx_word' id='word_1_106' title='bbox 145 1136 438 1186; x_wconf 87' lang='lat' dir='ltr'><strong>Lanigeraeque</strong></span> <span class='ocrx_word' id='word_1_107' title='bbox 467 1136 580 1175; x_wconf 87' lang='lat' dir='ltr'><strong>simul</strong></span> <span class='ocrx_word' id='word_1_108' title='bbox 609 1137 780 1186; x_wconf 89' lang='lat' dir='ltr'><strong>pecudes</strong></span> <span class='ocrx_word' id='word_1_109' title='bbox 811 1143 849 1174; x_wconf 93' lang='lat' dir='ltr'><strong>et</strong></span> <span class='ocrx_word' id='word_1_110' title='bbox 877 1130 1023 1174; x_wconf 87' lang='lat' dir='ltr'><strong>bucera</strong></span> <span class='ocrx_word' id='word_1_111' title='bbox 1051 1137 1180 1174; x_wconf 81' lang='lat' dir='ltr'><strong>saecla</strong></span> <span class='ocrx_word' id='word_1_112' title='bbox 1205 1150 1208 1152; x_wconf 87' lang='lat'>·</span> 
     </span>
     <span class='ocr_line' id='line_1_18' title="bbox 145 1199 1209 1250; baseline 0 -12"><span class='ocrx_word' id='word_1_113' title='bbox 145 1200 289 1239; x_wconf 87' lang='lat' dir='ltr'><strong>Omnia</strong></span> <span class='ocrx_word' id='word_1_114' title='bbox 317 1207 407 1239; x_wconf 89' lang='lat' dir='ltr'><strong>sunt</strong></span> <span class='ocrx_word' id='word_1_115' title='bbox 435 1200 641 1239; x_wconf 90' lang='lat' dir='ltr'><strong>hominum</strong></span> <span class='ocrx_word' id='word_1_116' title='bbox 671 1201 815 1238; x_wconf 86' lang='lat' dir='ltr'><strong>tutelae</strong></span> <span class='ocrx_word' id='word_1_117' title='bbox 844 1199 996 1247; x_wconf 80' lang='lat' dir='ltr'><strong>tradita,</strong></span> <span class='ocrx_word' id='word_1_118' title='bbox 1032 1200 1209 1250; x_wconf 85' lang='lat' dir='ltr'><strong>Memmi.</strong></span> 
     </span>
     <span class='ocr_line' id='line_1_19' title="bbox 145 1264 1121 1313; baseline 0 -12"><span class='ocrx_word' id='word_1_119' title='bbox 145 1265 250 1302; x_wconf 89' lang='lat' dir='ltr'><strong>Nam</strong></span> <span class='ocrx_word' id='word_1_120' title='bbox 279 1264 424 1313; x_wconf 91' lang='lat' dir='ltr'><strong>cupide</strong></span> <span class='ocrx_word' id='word_1_121' title='bbox 452 1265 582 1313; x_wconf 86' lang='lat' dir='ltr'><strong>fugere</strong></span> <span class='ocrx_word' id='word_1_122' title='bbox 611 1265 709 1302; x_wconf 90' lang='lat' dir='ltr'><strong>feras</strong></span> <span class='ocrx_word' id='word_1_123' title='bbox 738 1276 958 1312; x_wconf 89' lang='lat' dir='ltr'><strong>pacemque</strong></span> <span class='ocrx_word' id='word_1_124' title='bbox 988 1272 1121 1301; x_wconf 83' lang='lat' dir='ltr'><strong>secuta</strong></span> 
     </span>
     <span class='ocr_line' id='line_1_20' title="bbox 143 1327 1130 1378; baseline 0.001 -13"><span class='ocrx_word' id='word_1_125' title='bbox 143 1329 240 1366; x_wconf 92' lang='lat' dir='ltr'><strong>Sunt</strong></span> <span class='ocrx_word' id='word_1_126' title='bbox 267 1334 307 1365; x_wconf 90' lang='lat' dir='ltr'><strong>et</strong></span> <span class='ocrx_word' id='word_1_127' title='bbox 333 1328 439 1378; x_wconf 87' lang='lat' dir='ltr'><strong>larga</strong></span> <span class='ocrx_word' id='word_1_128' title='bbox 466 1340 538 1366; x_wconf 92' lang='lat' dir='ltr'><strong>suo</strong></span> <span class='ocrx_word' id='word_1_129' title='bbox 567 1327 649 1365; x_wconf 86' lang='lat' dir='ltr'><strong>sine</strong></span> <span class='ocrx_word' id='word_1_130' title='bbox 677 1328 821 1377; x_wconf 89' lang='lat' dir='ltr'><strong>pabula</strong></span> <span class='ocrx_word' id='word_1_131' title='bbox 848 1335 958 1377; x_wconf 82' lang='lat' dir='ltr'><strong>parta</strong></span> <span class='ocrx_word' id='word_1_132' title='bbox 985 1328 1130 1373; x_wconf 89' lang='lat' dir='ltr'><strong>labore,</strong></span> 
     </span>
     <span class='ocr_line' id='line_1_21' title="bbox 144 1391 1469 1441; baseline -0.001 -11"><span class='ocrx_word' id='word_1_133' title='bbox 144 1392 257 1440; x_wconf 90' lang='lat' dir='ltr'><strong>Quae</strong></span> <span class='ocrx_word' id='word_1_134' title='bbox 286 1392 424 1430; x_wconf 89' lang='lat' dir='ltr'><strong>damus</strong></span> <span class='ocrx_word' id='word_1_135' title='bbox 453 1391 627 1430; x_wconf 86' lang='lat' dir='ltr'><strong>utilitatis</strong></span> <span class='ocrx_word' id='word_1_136' title='bbox 656 1404 789 1430; x_wconf 90' lang='lat' dir='ltr'><strong>eorum</strong></span> <span class='ocrx_word' id='word_1_137' title='bbox 818 1391 993 1440; x_wconf 86' lang='lat' dir='ltr'><strong>praemia</strong></span> <span class='ocrx_word' id='word_1_138' title='bbox 1021 1404 1149 1432; x_wconf 82' lang='lat' dir='ltr'><strong>causa.</strong></span> <span class='ocrx_word' id='word_1_139' title='bbox 1393 1395 1469 1441; x_wconf 86' lang='lat'><strong>870</strong></span> 
     </span>
     <span class='ocr_line' id='line_1_22' title="bbox 143 1455 1117 1504; baseline 0.001 -12"><span class='ocrx_word' id='word_1_140' title='bbox 143 1457 195 1493; x_wconf 93' lang='lat' dir='ltr'><strong>At</strong></span> <span class='ocrx_word' id='word_1_141' title='bbox 223 1455 310 1504; x_wconf 90' lang='lat' dir='ltr'><strong>quis</strong></span> <span class='ocrx_word' id='word_1_142' title='bbox 338 1455 393 1493; x_wconf 90' lang='lat' dir='ltr'><strong>nil</strong></span> <span class='ocrx_word' id='word_1_143' title='bbox 420 1456 560 1493; x_wconf 89' lang='lat' dir='ltr'><strong>horum</strong></span> <span class='ocrx_word' id='word_1_144' title='bbox 589 1455 724 1493; x_wconf 91' lang='lat' dir='ltr'><strong>tribuit</strong></span> <span class='ocrx_word' id='word_1_145' title='bbox 753 1463 901 1502; x_wconf 89' lang='lat' dir='ltr'><strong>natura,</strong></span> <span class='ocrx_word' id='word_1_146' title='bbox 932 1468 1006 1494; x_wconf 89' lang='lat' dir='ltr'><strong>nec</strong></span> <span class='ocrx_word' id='word_1_147' title='bbox 1033 1455 1117 1504; x_wconf 88' lang='lat' dir='ltr'><strong>ipsa</strong></span> 
     </span>
     <span class='ocr_line' id='line_1_23' title="bbox 142 1517 1175 1568; baseline 0.001 -12"><span class='ocrx_word' id='word_1_148' title='bbox 142 1520 290 1568; x_wconf 90' lang='lat' dir='ltr'><strong>Sponte</strong></span> <span class='ocrx_word' id='word_1_149' title='bbox 318 1531 388 1557; x_wconf 90' lang='lat' dir='ltr'><strong>sua</strong></span> <span class='ocrx_word' id='word_1_150' title='bbox 415 1526 579 1568; x_wconf 85' lang='lat' dir='ltr'><strong>possent</strong></span> <span class='ocrx_word' id='word_1_151' title='bbox 608 1525 652 1557; x_wconf 88' lang='lat' dir='ltr'><strong>ut</strong></span> <span class='ocrx_word' id='word_1_152' title='bbox 679 1517 809 1557; x_wconf 91' lang='lat' dir='ltr'><strong>vivere</strong></span> <span class='ocrx_word' id='word_1_153' title='bbox 837 1531 912 1556; x_wconf 90' lang='lat' dir='ltr'><strong>nec</strong></span> <span class='ocrx_word' id='word_1_154' title='bbox 940 1519 1033 1556; x_wconf 89' lang='lat' dir='ltr'><strong>dare</strong></span> <span class='ocrx_word' id='word_1_155' title='bbox 1062 1519 1175 1557; x_wconf 91' lang='lat' dir='ltr'><strong>nobis</strong></span> 
     </span>
     <span class='ocr_line' id='line_1_24' title="bbox 143 1581 1129 1634; baseline 0.001 -14"><span class='ocrx_word' id='word_1_156' title='bbox 143 1582 364 1621; x_wconf 88' lang='lat' dir='ltr'><strong>Utilitatem</strong></span> <span class='ocrx_word' id='word_1_157' title='bbox 394 1581 566 1631; x_wconf 90' lang='lat' dir='ltr'><strong>aliquam</strong></span> <span class='ocrx_word' id='word_1_158' title='bbox 596 1590 964 1634; x_wconf 39' lang='lat' dir='ltr'><strong>quare‘pateremur</strong></span> <span class='ocrx_word' id='word_1_159' title='bbox 993 1595 1129 1621; x_wconf 89' lang='lat' dir='ltr'><strong>eorum</strong></span> 
     </span>
     <span class='ocr_line' id='line_1_25' title="bbox 142 1646 1230 1700; baseline 0.001 -16"><span class='ocrx_word' id='word_1_160' title='bbox 142 1646 341 1685; x_wconf 89' lang='lat' dir='ltr'><strong>Praesidio</strong></span> <span class='ocrx_word' id='word_1_161' title='bbox 370 1653 504 1685; x_wconf 90' lang='lat' dir='ltr'><strong>nostro</strong></span> <span class='ocrx_word' id='word_1_162' title='bbox 532 1647 639 1695; x_wconf 89' lang='lat' dir='ltr'><strong>pasci</strong></span> <span class='ocrx_word' id='word_1_163' title='bbox 667 1658 790 1695; x_wconf 85' lang='lat' dir='ltr'><strong>genus</strong></span> <span class='ocrx_word' id='word_1_164' title='bbox 819 1659 982 1695; x_wconf 88' lang='lat' dir='ltr'><strong>esseque</strong></span> <span class='ocrx_word' id='word_1_165' title='bbox 1009 1654 1149 1695; x_wconf 85' lang='lat' dir='ltr'><strong>tutum,</strong></span> <span class='ocrx_word' id='word_1_166' title='bbox 1222 1694 1230 1700; x_wconf 20' lang='lat'>«</span> 
     </span>
     <span class='ocr_line' id='line_1_26' title="bbox 141 1701 1465 1763; baseline 0.003 -17"><span class='ocrx_word' id='word_1_167' title='bbox 141 1708 296 1747; x_wconf 91' lang='lat' dir='ltr'><strong>Scilicet</strong></span> <span class='ocrx_word' id='word_1_168' title='bbox 321 1709 420 1747; x_wconf 88' lang='lat' dir='ltr'><strong>haec</strong></span> <span class='ocrx_word' id='word_1_169' title='bbox 447 1708 531 1747; x_wconf 88' lang='lat' dir='ltr'><strong>aliis</strong></span> <span class='ocrx_word' id='word_1_170' title='bbox 560 1709 729 1758; x_wconf 86' lang='lat' dir='ltr'><strong>praedae</strong></span> <span class='ocrx_word' id='word_1_171' title='bbox 757 1710 945 1758; x_wconf 90' lang='lat' dir='ltr'><strong>lucroque</strong></span> <span class='ocrx_word' id='word_1_172' title='bbox 975 1709 1156 1749; x_wconf 87' lang='lat' dir='ltr'><strong>iacebant</strong></span> <span class='ocrx_word' id='word_1_173' title='bbox 1173 1701 1246 1763; x_wconf 38' lang='lat' dir='ltr'><strong>Q*</strong></span> <span class='ocrx_word' id='word_1_174' title='bbox 1391 1714 1465 1762; x_wconf 85' lang='lat'><strong>875</strong></span> 
     </span>
     <span class='ocr_line' id='line_1_27' title="bbox 142 1760 1037 1823; baseline 0.001 -12"><span class='ocrx_word' id='word_1_175' title='bbox 142 1760 382 1823; x_wconf 75' lang='lat' dir='ltr'><strong>Indupedita</strong></span> <span class='ocrx_word' id='word_1_176' title='bbox 410 1773 487 1812; x_wconf 88' lang='lat' dir='ltr'><strong>suis</strong></span> <span class='ocrx_word' id='word_1_177' title='bbox 516 1774 698 1812; x_wconf 86' lang='lat' dir='ltr'><strong>fatalibus</strong></span> <span class='ocrx_word' id='word_1_178' title='bbox 727 1774 860 1813; x_wconf 90' lang='lat' dir='ltr'><strong>omnia</strong></span> <span class='ocrx_word' id='word_1_179' title='bbox 888 1775 1037 1823; x_wconf 88' lang='lat' dir='ltr'><strong>vinclis,</strong></span> 
     </span>
     <span class='ocr_line' id='line_1_28' title="bbox 142 1837 1163 1889; baseline 0.002 -13"><span class='ocrx_word' id='word_1_180' title='bbox 142 1839 284 1877; x_wconf 92' lang='lat' dir='ltr'><strong>Donec</strong></span> <span class='ocrx_word' id='word_1_181' title='bbox 310 1839 362 1877; x_wconf 92' lang='lat' dir='ltr'><strong>ad</strong></span> <span class='ocrx_word' id='word_1_182' title='bbox 389 1837 588 1877; x_wconf 89' lang='lat' dir='ltr'><strong>interitum</strong></span> <span class='ocrx_word' id='word_1_183' title='bbox 616 1851 738 1888; x_wconf 89' lang='lat' dir='ltr'><strong>genus</strong></span> <span class='ocrx_word' id='word_1_184' title='bbox 766 1838 808 1877; x_wconf 91' lang='lat' dir='ltr'><strong>id</strong></span> <span class='ocrx_word' id='word_1_185' title='bbox 835 1847 973 1877; x_wconf 88' lang='lat' dir='ltr'><strong>natura</strong></span> <span class='ocrx_word' id='word_1_186' title='bbox 1001 1839 1163 1889; x_wconf 88' lang='lat' dir='ltr'><strong>redegit.</strong></span> 
     </span>
     <span class='ocr_line' id='line_1_29' title="bbox 192 1901 1329 1951; baseline 0.001 -11"><span class='ocrx_word' id='word_1_187' title='bbox 192 1902 270 1940; x_wconf 92' lang='lat' dir='ltr'><strong>Sed</strong></span> <span class='ocrx_word' id='word_1_188' title='bbox 298 1914 428 1951; x_wconf 90' lang='lat' dir='ltr'><strong>neque</strong></span> <span class='ocrx_word' id='word_1_189' title='bbox 458 1901 644 1940; x_wconf 85' lang='lat' dir='ltr'><strong>Centauri</strong></span> <span class='ocrx_word' id='word_1_190' title='bbox 672 1903 838 1947; x_wconf 88' lang='lat' dir='ltr'><strong>fuerunt,</strong></span> <span class='ocrx_word' id='word_1_191' title='bbox 868 1915 942 1940; x_wconf 91' lang='lat' dir='ltr'><strong>nec</strong></span> <span class='ocrx_word' id='word_1_192' title='bbox 971 1910 1149 1951; x_wconf 90' lang='lat' dir='ltr'><strong>tempore</strong></span> <span class='ocrx_word' id='word_1_193' title='bbox 1178 1904 1218 1941; x_wconf 94' lang='lat' dir='ltr'><strong>in</strong></span> <span class='ocrx_word' id='word_1_194' title='bbox 1247 1903 1329 1941; x_wconf 90' lang='lat' dir='ltr'><strong>ullo</strong></span> 
     </span>
     <span class='ocr_line' id='line_1_30' title="bbox 140 1963 1133 2014; baseline 0.001 -11"><span class='ocrx_word' id='word_1_195' title='bbox 140 1965 239 2004; x_wconf 90' lang='lat' dir='ltr'><strong>Esse</strong></span> <span class='ocrx_word' id='word_1_196' title='bbox 265 1971 414 2014; x_wconf 90' lang='lat' dir='ltr'><strong>queunt</strong></span> <span class='ocrx_word' id='word_1_197' title='bbox 442 1963 588 2014; x_wconf 90' lang='lat' dir='ltr'><strong>duplici</strong></span> <span class='ocrx_word' id='word_1_198' title='bbox 616 1972 753 2003; x_wconf 90' lang='lat' dir='ltr'><strong>natura</strong></span> <span class='ocrx_word' id='word_1_199' title='bbox 781 1972 818 2002; x_wconf 89' lang='lat' dir='ltr'><strong>et</strong></span> <span class='ocrx_word' id='word_1_200' title='bbox 847 1977 1009 2014; x_wconf 89' lang='lat' dir='ltr'><strong>corpore</strong></span> <span class='ocrx_word' id='word_1_201' title='bbox 1037 1965 1133 2004; x_wconf 89' lang='lat' dir='ltr'><strong>bino</strong></span> 
     </span>
     <span class='ocr_line' id='line_1_31' title="bbox 141 2027 1466 2078; baseline 0.001 -12"><span class='ocrx_word' id='word_1_202' title='bbox 141 2028 202 2066; x_wconf 89' lang='lat' dir='ltr'><strong>Ex</strong></span> <span class='ocrx_word' id='word_1_203' title='bbox 229 2027 455 2078; x_wconf 89' lang='lat' dir='ltr'><strong>alienigenis</strong></span> <span class='ocrx_word' id='word_1_204' title='bbox 483 2028 668 2067; x_wconf 89' lang='lat' dir='ltr'><strong>membris</strong></span> <span class='ocrx_word' id='word_1_205' title='bbox 697 2035 913 2077; x_wconf 84' lang='lat' dir='ltr'><strong>compacta,</strong></span> <span class='ocrx_word' id='word_1_206' title='bbox 942 2036 1117 2078; x_wconf 87' lang='lat' dir='ltr'><strong>potestas</strong></span> <span class='ocrx_word' id='word_1_207' title='bbox 1389 2031 1466 2068; x_wconf 89' lang='grc'><strong>880</strong></span> 
     </span>
     <span class='ocr_line' id='line_1_32' title="bbox 142 2083 1323 2142; baseline 0.002 -15"><span class='ocrx_word' id='word_1_208' title='bbox 142 2089 251 2128; x_wconf 91' lang='lat' dir='ltr'><strong>Hinc</strong></span> <span class='ocrx_word' id='word_1_209' title='bbox 278 2086 387 2128; x_wconf 87' lang='lat' dir='ltr'><strong>illinc</strong></span> <span class='ocrx_word' id='word_1_210' title='bbox 413 2083 551 2140; x_wconf 82' lang='lat' dir='ltr'><strong>visque</strong></span> <span class='ocrx_word' id='word_1_211' title='bbox 578 2097 621 2129; x_wconf 93' lang='lat' dir='ltr'><strong>ut</strong></span> <span class='ocrx_word' id='word_1_212' title='bbox 650 2102 730 2128; x_wconf 92' lang='lat' dir='ltr'><strong>non</strong></span> <span class='ocrx_word' id='word_1_213' title='bbox 753 2094 822 2128; x_wconf 66' lang='lat' dir='ltr'><strong>&#39;sat</strong></span> <span class='ocrx_word' id='word_1_214' title='bbox 849 2103 917 2140; x_wconf 88' lang='lat' dir='ltr'><strong>par</strong></span> <span class='ocrx_word' id='word_1_215' title='bbox 945 2103 1031 2129; x_wconf 89' lang='lat' dir='ltr'><strong>esse</strong></span> <span class='ocrx_word' id='word_1_216' title='bbox 1058 2090 1222 2140; x_wconf 88' lang='lat' dir='ltr'><strong>potissit.</strong></span> <span class='ocrx_word' id='word_1_217' title='bbox 1317 2136 1323 2142; x_wconf 72' lang='lat'><em>,</em></span> 
     </span>
     <span class='ocr_line' id='line_1_33' title="bbox 141 2153 1381 2204; baseline 0.002 -12"><span class='ocrx_word' id='word_1_218' title='bbox 141 2153 191 2193; x_wconf 92' lang='lat' dir='ltr'><strong>Id</strong></span> <span class='ocrx_word' id='word_1_219' title='bbox 217 2153 309 2192; x_wconf 89' lang='lat' dir='ltr'><strong>licet</strong></span> <span class='ocrx_word' id='word_1_220' title='bbox 335 2153 428 2192; x_wconf 89' lang='lat' dir='ltr'><strong>hinc</strong></span> <span class='ocrx_word' id='word_1_221' title='bbox 454 2154 632 2204; x_wconf 90' lang='lat' dir='ltr'><strong>quamvis</strong></span> <span class='ocrx_word' id='word_1_222' title='bbox 660 2154 792 2193; x_wconf 88' lang='lat' dir='ltr'><strong>hebeti</strong></span> <span class='ocrx_word' id='word_1_223' title='bbox 820 2167 1059 2204; x_wconf 88' lang='lat' dir='ltr'><strong>cognoscere</strong></span> <span class='ocrx_word' id='word_1_224' title='bbox 1087 2157 1216 2195; x_wconf 90' lang='lat' dir='ltr'><strong>corde.</strong></span> <span class='ocrx_word' id='word_1_225' title='bbox 1252 2155 1327 2183; x_wconf 62' lang='lat'><strong>&#39;¹²¹‘</strong></span> <span class='ocrx_word' id='word_1_226' title='bbox 1345 2154 1354 2169; x_wconf 69' lang='lat'><strong><em>⁵</em></strong></span> <span class='ocrx_word' id='word_1_227' title='bbox 1377 2169 1381 2172; x_wconf 64' lang='grc'><em>’</em></span> 
     </span>
     <span class='ocr_line' id='line_1_34' title="bbox 140 2209 1122 2267; baseline 0.003 -14"><span class='ocrx_word' id='word_1_228' title='bbox 140 2209 340 2265; x_wconf 86' lang='lat' dir='ltr'><strong>Principio</strong></span> <span class='ocrx_word' id='word_1_229' title='bbox 367 2216 512 2254; x_wconf 89' lang='lat' dir='ltr'><strong>circum</strong></span> <span class='ocrx_word' id='word_1_230' title='bbox 541 2217 662 2256; x_wconf 86' lang='lat' dir='ltr'><strong>tribus</strong></span> <span class='ocrx_word' id='word_1_231' title='bbox 691 2217 787 2255; x_wconf 91' lang='lat' dir='ltr'><strong>actis</strong></span> <span class='ocrx_word' id='word_1_232' title='bbox 814 2216 980 2267; x_wconf 88' lang='lat' dir='ltr'><strong>impiger</strong></span> <span class='ocrx_word' id='word_1_233' title='bbox 1008 2218 1122 2256; x_wconf 83' lang='lat' dir='ltr'><strong>annis</strong></span> 
     </span>
    </p>
   </div>
  </div>
 </body>
</html>
