1648 2452
144 119 192 166 36
489 117 578 154 DE
613 117 843 154 RERUM
872 117 1120 154 NATURA

143 202 284 241 Acrius
312 215 361 241 ex
388 201 443 240 ira
471 202 580 251 quod
609 201 715 239 enirn
745 213 787 240 se
815 201 982 251 quisque
1010 204 1173 252 parabat

143 267 293 306 Ulcisci
322 279 439 316 quam
470 278 575 304 nunc
603 273 872 304 concessumst
901 265 1052 316 legibus
1081 267 1228 316 aequis,

145 333 264 370 Hanc
284 333 337 370 ob
356 344 438 381 rem
458 337 517 369 est
536 329 717 369 homines
737 338 959 380 pertaesum
979 330 1017 368 vi
1037 333 1166 370 colere
1186 344 1339 370 aevom.
1370 346 1384 370 1
1397 344 1470 382 150

145 397 247 435 Inde
276 402 403 434 metus
431 395 603 433 maculat
633 382 850 444 poenarum
878 385 1052 444 praemia
1081 394 1193 433 vitae.

145 458 393 499 Circumretit
422 457 527 496 enim
556 457 614 495 vis
643 465 762 507 atque
790 456 932 495 iniuria
960 471 1158 507 quemque

145 525 289 572 Atque,
319 523 426 560 unde
454 527 636 568 exortast,
667 521 716 559 ad
746 534 837 560 eum
865 522 1096 571 plerumque
1125 522 1292 569 revertit,

147 588 235 625 Nec
262 587 412 625 facilest
440 586 635 636 placidam
665 599 711 623 ac
739 593 920 635 pacatam
951 586 1092 636 degere
1122 585 1240 625 vitam

148 651 228 701 Qui
256 651 374 690 violat
403 650 514 690 factis
542 651 771 689 communia
798 651 959 688 foedera
986 651 1106 700 pacis.
1373 663 1470 702 1155

150 716 232 755 Etsi
260 715 358 767 fallit
386 715 491 754 enim
520 715 654 754 divom
682 705 806 765 genus
834 705 1144 765 humanumque,

149 785 345 832 Perpetuo
374 789 507 820 tamen
536 781 577 819 id
605 782 686 819 fore
716 781 817 818 clam
846 780 1023 819 diffidere
1053 782 1198 829 debet3

149 848 310 897 Quippe
338 846 405 885 ubi
434 859 475 884 se
504 845 615 898 multi
644 858 713 895 per
741 844 894 884 somnia
923 858 1042 895 saepe
1070 847 1279 896 loquentes

150 915 229 951 Aut
257 911 397 950 morbo
427 910 636 949 delirantes
666 918 848 959 protraxe
876 911 1074 949 ferantur'
1177 911 1189 923 '
1219 922 1234 944 υ
1262 920 1365 947 αφ’-’.ὲ
1384 910 1409 938 t.

150 979 202 1015 Et
229 977 354 1014 celata
382 976 486 1013 mala
513 974 553 1013 in
582 974 758 1014 medium
788 982 826 1013 et
855 982 1020 1024 peccata
1049 976 1215 1027 dedisse.
1373 978 1473 1014 1160

204 1043 323 1080 Nunc
352 1053 453 1090 quae
482 1053 600 1078 causa
629 1040 746 1078 deum
775 1052 845 1088 per
874 1052 1034 1089 magnas
1064 1040 1229 1078 numina
1257 1048 1392 1090 gentes

153 1105 389 1156 Pervulgarit
418 1112 456 1143 et
484 1117 633 1143 ararum
664 1103 920 1153 compleverit
949 1105 1065 1143 urbes

152 1169 488 1221 suscipiendaque
518 1169 658 1227 curarit
687 1169 892 1208 sollemnia
921 1182 1041 1216 sacra,

153 1237 267 1285 Quae
295 1249 401 1274 nunc
429 1235 470 1273 in
499 1234 650 1286 magnis
679 1236 820 1273 florent
849 1248 958 1273 sacra
985 1235 1092 1273 rebu'
1122 1233 1309 1285 locisque,

154 1298 274 1339 Unde
304 1299 420 1338 etiam
449 1312 556 1337 nunc
584 1306 643 1337 est
671 1289 909 1337 mortalibus
929 1297 1065 1337 insitus
1095 1300 1229 1337 horror
1378 1300 1473 1349 1165

155 1363 234 1413 Qui
262 1365 425 1403 delubra
453 1365 572 1403 deum
601 1377 704 1402 nova
733 1370 818 1402 toto
849 1363 1008 1402 suscitat
1037 1363 1122 1402 orbi

154 1431 360 1467 Terrarum
390 1436 429 1467 et
457 1428 564 1466 festis
594 1428 698 1478 cogit
727 1429 924 1467 celebrare
953 1428 1102 1474 diebus,

157 1494 250 1531 Non
278 1491 331 1530 ita
360 1490 553 1530 difficilest
581 1484 771 1530 rationem
801 1492 964 1530 reddere
993 1490 1130 1548 verbis.

157 1555 313 1606 Quippe
342 1555 487 1594 etenim
517 1555 593 1593 iarn
623 1563 707 1594 tum
737 1555 870 1594 divum
903 1555 1081 1593 mortalia
1110 1556 1237 1592 saecla

159 1619 338 1670 Egregias
367 1619 499 1658 animo
528 1619 646 1658 facies
674 1619 857 1669 vigilante
886 1618 1073 1657 videbant
1376 1629 1478 1666 1170

157 1686 208 1723 Et
235 1684 359 1734 magis
387 1685 427 1722 in
457 1685 605 1723 somnis
634 1685 814 1723 mirando
843 1683 1016 1734 corporis
1044 1691 1173 1722 auctu.

159 1748 234 1787 His
263 1748 379 1798 igitur
406 1761 562 1787 sensum
594 1748 817 1787 tribuebant
846 1754 1054 1797 propterea
1083 1746 1190 1796 quod

159 1813 340 1850 Membra
367 1825 523 1851 movere
552 1812 785 1851 videbantur
813 1823 1010 1860 vocesque
1039 1811 1224 1860 superbas

161 1876 319 1915 Mittere
347 1889 419 1926 pro
449 1876 547 1915 facie
575 1878 773 1926 praeclara
803 1883 840 1914 et
868 1875 1014 1914 viribus
1043 1874 1193 1924 amplis.

159 1941 451 1989 Aeternamque
480 1940 627 1978 dabant
657 1940 790 1987 vitam,
819 1938 911 1989 quia
940 1951 1093 1988 semper
1122 1950 1259 1977 eorum
1381 1946 1478 1985 1175

160 2002 491 2052 Suppeditabatur
519 2002 634 2042 facies
664 2011 702 2041 et
730 2005 855 2042 forma
883 2002 1078 2050 manebat,

161 2069 213 2105 Et
240 2075 371 2119 tamen
400 2068 562 2107 omnino
591 2069 701 2117 quod
729 2067 845 2106 tantis
873 2067 1017 2105 viribus
1045 2074 1181 2104 auctos

163 2132 257 2169 Non
285 2138 430 2169 temere
459 2132 538 2169 ulla
565 2131 602 2169 vi
631 2131 811 2169 convinci
841 2142 958 2186 posse
987 2130 1187 2179 putabant.

163 2193 424 2242 Fortunisque
452 2193 543 2232 ideo
572 2195 688 2243 longe
718 2201 911 2243 praestare
940 2195 1142 2242 putabant,

164 2257 285 2305 Quod
314 2257 449 2295 mortis
478 2257 595 2296 timor
622 2259 728 2296 haud
757 2270 994 2307 quemquam
1022 2246 1179 2295 vexaret
1209 2268 1356 2302 eorum,
1383 2256 1482 2292 1180
