1648 2452
551 563 598 601 T.
630 564 883 601 LUCRETI
923 563 1058 601 CARI

390 695 494 742 DE
549 696 840 744 RERUM
896 696 1239 743 NATURA

569 827 738 864 LIBER
777 827 1040 875 QUINTUS.

149 1005 256 1053 QUIS
284 1003 388 1055 potis
417 1012 476 1043 est
504 1004 667 1055 dignum
696 1005 860 1055 pollenti
889 1012 1046 1055 pectore
1076 1019 1234 1044 carmen

148 1071 331 1110 Condere
359 1084 430 1121 pro
458 1084 583 1109 rerum
614 1071 816 1109 maiestate
845 1069 982 1120 hisque
1010 1071 1200 1120 repertis?

148 1135 296 1184 Quisve
324 1135 427 1173 valet
454 1135 581 1174 verbis
610 1141 761 1172 tantum
791 1134 858 1184 qui
885 1136 1031 1184 fingere
1058 1135 1193 1173 laudes

148 1201 224 1238 Pro
251 1197 397 1238 meritis
426 1198 509 1238 eius
537 1198 661 1248 possit
689 1198 757 1248 qui
786 1197 878 1237 talia
906 1198 1020 1236 nobis

149 1265 311 1302 Pectore
338 1270 449 1313 parta
477 1276 548 1301 suo
577 1262 833 1312 quaesitaque
861 1261 1034 1312 praemia
1061 1262 1203 1312 liquit?
1447 1275 1467 1313 5

147 1328 290 1374 Nemo,
320 1334 363 1366 ut
391 1326 542 1377 opinor,
574 1327 644 1367 erit
673 1327 828 1366 mortali
855 1340 1021 1377 corpore
1050 1334 1187 1366 cretus.

148 1394 252 1430 Nam
281 1390 327 1437 si,
356 1398 399 1430 ut
426 1391 510 1441 ipsa
538 1391 635 1442 petit
664 1391 846 1430 maiestas
876 1391 1035 1440 cognita
1062 1405 1200 1438 rerum,

148 1455 372 1495 Dicendum
402 1463 470 1504 est,
503 1457 599 1494 deus
628 1456 692 1494 ille
720 1455 803 1503 fuit,
835 1456 944 1503 deus,
974 1455 1118 1505 inclyte
1149 1455 1326 1504 Memmi,

147 1520 225 1570 Qui
252 1519 434 1571 princeps
462 1520 564 1560 vitae
593 1519 783 1559 rationem
813 1519 960 1558 invenit
989 1533 1076 1558 eam
1104 1533 1205 1570 quae

147 1587 264 1624 Nunc
292 1587 509 1636 appellatur
536 1585 741 1636 sapientia,
773 1584 919 1635 quique
948 1598 1018 1635 per
1045 1592 1168 1623 artem
1424 1600 1470 1623 10

147 1650 346 1689 Fluctibus
374 1662 396 1688 e
424 1649 542 1688 tantis
569 1649 690 1688 vitam
719 1649 916 1699 tantisque
945 1648 1115 1688 tenebris

146 1715 196 1751 In
223 1720 304 1752 tam
333 1713 542 1763 tranquillo
572 1721 610 1752 et
638 1720 719 1752 tam
748 1714 852 1751 clara
878 1714 966 1751 luce
995 1711 1151 1767 IOQVst·
1320 1732 1451 1755 Μ

146 1779 293 1818 Confer
320 1777 427 1817 enim
455 1777 588 1817 divina
615 1776 781 1816 aliorum
809 1775 971 1826 antiqua
998 1784 1174 1826 reperta3

146 1844 331 1893 Namque
361 1844 481 1882 Ceres
510 1842 630 1881 fertur
657 1843 784 1892 fruges
813 1841 1010 1891 Liberque
1038 1840 1198 1891 liquoris

146 1905 319 1957 Vitigeni
346 1906 504 1946 laticem
532 1907 762 1946 mortalibus
790 1906 1004 1945 instituisse
1017 1921 1028 1955 3
1425 1917 1468 1956 15

148 1972 250 2010 Cum
279 1979 412 2012 tamen
439 1971 499 2011 his
527 1979 662 2022 posset
690 1971 774 2010 sine
802 1973 919 2011 rebus
947 1971 1027 2010 vita
1055 1984 1226 2018 manere,

147 2036 206 2075 Ut
232 2036 336 2075 fama
363 2044 423 2076 est
450 2036 598 2087 aliquas
627 2037 746 2076 etiam
774 2049 882 2075 nunc
908 2035 1037 2075 vivere
1060 2043 1212 2085 gentes.

148 2099 200 2137 At
227 2099 332 2139 bene
359 2112 442 2139 non
468 2107 623 2151 poterat
651 2100 735 2140 sine
764 2113 862 2150 puro
890 2107 1050 2150 pectore
1078 2094 1155 2138 vivi
1168 2114 1180 2148 3

149 2162 240 2210 Quo
267 2163 391 2214 magis
417 2162 483 2203 hic
509 2164 648 2204 merito
675 2164 791 2204 nobis
819 2164 918 2204 deus
938 2176 1024 2203 esse
1051 2163 1216 2211 videtur,

150 2225 210 2264 Ex
238 2239 318 2275 quo
345 2240 451 2266 nunc
481 2228 597 2268 etiam
627 2242 697 2279 per
726 2242 887 2279 magnas
917 2227 1042 2267 didita
1069 2235 1205 2278 gentes
1424 2239 1470 2264 20
