1648 2452
217 97 264 130 24
561 84 648 120 DE
685 84 914 122 RERUM
943 85 1191 123 NATURA

215 165 387 205 Reddit:
425 166 580 216 hiemps
609 166 782 215 sequitur
809 166 1002 216 crepitans
1030 168 1132 205 hanc
1161 167 1342 207 dentibus
1371 170 1470 218 algu.

216 231 307 279 Quo
334 229 464 268 minus
493 237 552 268 est
580 229 719 267 mirum
748 229 779 268 si
809 237 915 268 certo
945 238 1121 280 tempore
1151 232 1242 270 luna

216 294 395 344 Gignitur
424 302 461 332 et
490 301 596 332 certo
625 294 776 332 deletur
804 301 982 344 ternpore
1010 307 1130 342 rusus,

215 361 318 400 Cum
348 358 428 397 fieri
456 358 609 408 possint
633 366 713 397 tam
743 367 851 398 certo
879 368 1057 409 tempore
1087 362 1219 398 multa.
1461 373 1535 410 750

266 423 365 462 Solis
394 423 488 462 item
516 435 675 472 quoque
703 424 879 461 defectus
908 425 1103 473 lunaeque
1132 425 1298 462 latebras

214 488 392 527 Pluribus
421 501 442 527 e
471 488 598 526 causis
627 488 708 540 fieri
737 488 808 526 tibi
837 502 954 538 posse
982 489 1251 538 putandumst.

215 555 318 592 Nam
347 567 415 592 cur
443 554 536 591 luna
564 561 683 602 queat
711 560 852 591 terram
881 554 1083 591 secludere
1112 553 1205 591 solis

215 619 382 656 Lumine
412 625 450 656 et
478 631 501 656 a
529 618 638 656 terris
666 618 788 655 altum
818 626 934 666 caput
963 619 1162 656 obstruere
1192 617 1238 664 ei,

214 681 402 722 Obiciens
431 694 592 720 caecum
622 681 738 720 radiis
767 681 992 720 ardentibus
1021 683 1156 720 orbem
1170 696 1180 729 ;
1462 694 1534 731 755

12 744 52 791 [μ’
188 747 412 795 :Tempore
441 745 583 784 eodem
611 745 719 783 aliud
748 746 874 783 facere
902 744 943 783 id
972 758 1052 783 non
1080 758 1195 794 posse
1223 752 1378 794 putetur

215 811 366 859 Corpus
395 810 503 858 quod
531 821 685 846 cassum
714 809 867 847 labatur
894 808 1042 846 lumine
1071 810 1252 857 semper?

214 875 359 923 Solque
387 885 478 911 suos
507 873 625 911 etiam
654 871 849 911 dimittere
876 872 1081 922 languidus
1111 872 1218 922 ignes

214 940 411 987 Tempore
439 950 508 975 cur
535 944 642 975 certo
671 943 841 986 nequeat
868 949 1119 985 recreareque
1148 937 1293 982 lumen,

216 1004 318 1042 Cum
346 1004 435 1040 loca
461 1001 658 1051 praeteriit
686 1002 852 1039 flammis
881 1001 1021 1040 infesta
1049 1014 1118 1050 per
1147 1014 1270 1048 auras,
1461 1002 1536 1049 760

216 1067 329 1117 Quae
357 1067 505 1105 faciunt
531 1065 640 1116 ignes
668 1065 913 1114 interstingui
942 1073 1059 1114 atque
1087 1066 1241 1115 perire?

216 1133 267 1169 Et
295 1145 364 1169 cur
391 1139 492 1170 terra
519 1139 638 1181 queat
665 1132 798 1169 lunam
828 1130 995 1180 spoliare
1024 1130 1193 1169 vicissim

217 1194 383 1234 Lumine
411 1203 450 1234 et
478 1208 710 1245 oppressum
740 1196 864 1234 solem
893 1208 1008 1244 super
1035 1194 1122 1244 ipsa
1150 1202 1292 1240 tenere,

218 1261 423 1297 Menstrua
450 1259 544 1297 dum
574 1258 717 1308 rigidas
746 1258 836 1297 coni
864 1257 1076 1308 perlabitur
1105 1259 1283 1304 umbras;

216 1325 414 1372 Tempore
443 1325 584 1362 eodem
612 1323 719 1362 aliud
748 1330 918 1372 nequeat
947 1335 1169 1361 succurrere
1197 1323 1312 1360 lunae
1463 1323 1533 1370 765

217 1388 370 1437 Corpus
399 1388 460 1425 vel
489 1400 604 1437 supra
633 1386 724 1426 solis
753 1386 945 1436 perlabier
974 1388 1123 1432 orbem,

217 1452 336 1501 Quod
363 1451 493 1490 radios
521 1451 778 1500 interrumpat
807 1452 1018 1499 lumenque
1047 1451 1278 1500 profusum?

218 1518 269 1554 Et
297 1523 429 1555 tamen
457 1517 542 1565 ipsa
570 1529 642 1554 suo
671 1515 703 1554 si
731 1516 851 1565 fulget
879 1517 971 1553 luna
999 1515 1136 1561 nitore,

218 1581 299 1620 Cur
326 1587 495 1630 nequeat
523 1588 628 1618 certa
657 1580 794 1619 mundi
823 1581 1073 1629 languescere
1103 1586 1223 1629 parte,

218 1645 323 1682 Dum
353 1645 440 1681 loca
467 1642 680 1681 luminibus
710 1643 876 1692 propriis
906 1642 1062 1680 inimica
1090 1655 1160 1691 per
1187 1641 1294 1680 exit?
1463 1651 1537 1688 770

272 1708 392 1756 Quod
421 1714 606 1756 superest,
638 1706 825 1756 quoniam
854 1706 984 1755 magni
1014 1719 1083 1755 per
1111 1706 1265 1744 caerula
1292 1703 1427 1742 mundi

219 1770 310 1820 Qua
337 1769 418 1809 fieri
446 1768 635 1819 quicquid
663 1777 797 1819 posset
825 1769 977 1808 ratione
1005 1769 1157 1816 resolvi,

218 1835 319 1874 Solis
346 1834 402 1874 uti
429 1834 555 1872 varios
584 1847 717 1872 cursus
746 1835 939 1884 lunaeque
968 1842 1118 1873 meatus

220 1901 393 1938 Noscere
422 1912 628 1949 possemus
656 1912 757 1948 quae
786 1899 843 1937 vis
872 1906 911 1937 et
939 1911 1056 1937 causa
1083 1898 1213 1943 cieret,
1279 1945 1283 1952 ¹
1462 1906 1533 1944 775

25 1977 95 2011 0.st
134 1984 136 1988 ·
178 1960 196 2002 s,
221 1964 359 2012 Quove
387 1964 509 2001 modo
538 1970 699 2012 possent
728 1964 870 2002 offecto
899 1963 1045 2001 lumine
1074 1962 1182 2001 obire
1215 1955 1258 1990 ,2¹
1282 1953 1293 1967 ‘⁴

26 2074 32 2079 ¹
79 2076 83 2083 κ
154 2036 156 2042 ’
223 2030 271 2066 Et
299 2039 427 2076 neque
456 2025 662 2076 opinantes
692 2026 862 2065 tenebris
891 2027 1088 2065 obducere
1117 2034 1245 2071 terras,

28 2119 65 2154 Δ,
222 2093 324 2130 Cum
352 2090 462 2141 quasi
490 2089 672 2128 conivent
701 2098 740 2129 et
767 2098 904 2140 aperto
932 2089 1079 2144 lumine
1106 2101 1254 2127 rursum
1330 2140 1337 2145 ι
1365 2140 1367 2145 ,

55 2147 63 2151 ⁹
221 2152 368 2193 Omnia
394 2151 602 2190 convisunt
630 2153 733 2189 clara
760 2153 848 2190 loca
876 2152 1045 2190 candida
1073 2152 1183 2198 luce3
1298 2174 1323 2199 χ.
1342 2151 1346 2173 ῗ

224 2217 340 2254 Nunc
367 2216 485 2254 redeo
514 2216 565 2254 ad
594 2215 730 2253 mundi
758 2215 969 2262 novitatem
1000 2215 1038 2253 e't
1066 2213 1198 2252 mollia
1226 2204 1348 2265 terrae
1463 2213 1538 2259 780
