1648 2452
555 87 743 124 LIBER
785 86 1061 134 QUINTUS
1421 99 1465 135 31

147 171 351 221 Eiectique
379 172 499 210 domo
527 171 730 221 fugiebant
759 184 876 210 saxea
903 178 1009 209 tecta
1063 219 1067 223 Α

146 234 362 285 Spumigeri
390 235 468 273 suis
497 235 669 273 adventu
699 234 898 284 validique
923 232 1050 272 leonis
1392 235 1466 283 985

145 301 276 348 Atque
303 298 538 348 intempesta
566 299 761 336 cedebant
790 305 908 336 nocte
937 306 1125 347 paventes

148 363 383 414 Hospitibus
411 363 534 402 saevis
563 362 725 401 instrata
753 362 897 400 cubilia
925 363 1074 400 fronde.

199 431 286 468 Nec
313 428 435 467 nimio
463 435 546 466 tum
575 429 662 477 plus
692 440 809 476 quam
839 440 944 464 nunc
973 426 1153 465 mortalia
1182 426 1310 465 saecla

146 495 288 532 Dulcia
314 484 544 544 linquebant
572 493 739 532 labentis
767 492 914 530 lumina
942 493 1055 533 vitae.

145 560 261 598 Unus
289 557 394 597 enim
423 565 505 596 tum
536 557 704 607 quisque
733 556 854 606 magis
884 557 1100 605 deprensus
1129 568 1263 594 eorum
1391 570 1468 605 990

146 624 294 662 Pabula
321 622 408 661 viva
435 622 524 661 feris
553 621 777 671 praebebat,
809 620 993 660 dentibus
1022 621 1195 674 haustus,

146 689 197 724 Et
225 699 385 725 nemora
412 699 459 724 ae
487 693 642 724 montes
671 684 818 734 gemitu
848 685 1040 733 silvasque
1068 684 1244 733 replebat

144 751 244 789 Viva
270 750 408 789 videns
436 749 526 788 vivo
555 749 708 798 sepeliri
736 749 884 787 viscera
913 751 1038 787 busto.

145 818 196 855 At
224 828 324 865 quos
353 814 538 865 effugium
569 821 739 852 servarat
768 827 934 863 corpore
962 814 1093 860 adeso,

145 879 341 919 Posterius
370 880 554 918 tremulas
584 892 700 928 super
727 879 856 917 ulcera
885 885 1011 916 taetra*
1037 886 1215 917 tenentes
1392 890 1465 929 995

145 945 299 982 Palmas
326 942 519 981 horriferis
549 942 729 981 accibant
757 941 920 980 vocibus
951 943 1111 989 Orcum,

146 1007 330 1058 Donique
358 1020 426 1046 eos
454 1007 534 1045 vita
562 1006 759 1056 privarant
787 1006 960 1044 vermina
990 1020 1105 1044 saeva

146 1074 334 1122 Expertes
362 1070 459 1121 opis,
489 1070 644 1120 ignaros
673 1070 769 1119 quid
798 1071 958 1107 volnera
985 1071 1140 1108 vellent.

144 1140 196 1175 At
226 1150 305 1176 non
333 1137 456 1174 multa
483 1135 609 1174 virum
638 1135 712 1173 sub
741 1134 860 1184 signis
890 1134 996 1172 milia
1025 1135 1142 1172 ducta

145 1202 239 1240 Una
267 1200 351 1239 d-ies
380 1200 499 1238 dabat
529 1199 646 1238 exitio
677 1212 750 1238 nec
779 1198 937 1237 turbida
964 1200 1077 1248 ponti
1369 1214 1469 1238 1000

144 1268 327 1315 Aequora
356 1264 541 1315 fligebant
569 1277 688 1303 naves
718 1265 768 1302 ad
799 1277 889 1301 saxa
917 1264 1107 1313 virosque.
1134 1255 1137 1260 ¹

147 1329 227 1368 Hic
255 1337 401 1368 temere
431 1328 630 1381 incassum
660 1329 799 1366 frustra
828 1341 933 1366 mare
963 1342 1080 1378 saepe
1110 1336 1287 1368 coortum
1321 1344 1346 1351 >·

145 1393 328 1433 Saevibat
358 1392 574 1442 leviterque
604 1392 730 1430 minas
760 1393 936 1441 ponebat
965 1392 1112 1439 inanes,

147 1460 234 1496 Nec
261 1464 412 1507 poterat
441 1461 679 1506 quemquam
709 1457 853 1506 placidi
881 1457 1044 1506 pellacia
1072 1457 1185 1506 ponti
1214 1477 1216 1493 ι

145 1523 319 1561 Subdola
347 1521 528 1576 pellicere
558 1520 596 1558 in
627 1522 804 1560 fraudem
833 1521 1050 1559 ridentibus
1080 1521 1207 1569 undis,
1371 1533 1467 1571 1005

3 1593 16 1618 t‘
64 1599 82 1617 ³-
147 1588 336 1636 Improba
363 1585 534 1624 naucleri
564 1586 661 1624 ratio
690 1598 781 1623 cum
810 1598 930 1624 caeca
959 1585 1167 1646 iacebfistssf

145 1651 250 1687 Tum
279 1650 439 1699 penuria
467 1648 612 1687 deinde
641 1648 720 1687 cibi
748 1648 974 1699 languentia
1002 1650 1082 1687 leto

148 1714 329 1753 Membra
358 1714 489 1759 dabat,
520 1722 657 1751 contra
686 1726 791 1750 nunc
819 1726 946 1751 rerum
976 1715 1091 1763 copia
1119 1722 1272 1753 mersat.

147 1777 211 1816 Illi
239 1777 493 1828 inprudentes
522 1776 596 1826 ipsi
625 1775 698 1814 sibi
727 1789 844 1826 saepe
872 1789 1068 1815 venenum
1159 1819 1163 1822 ‚
1186 1772 1189 1774 ’

146 1836 382 1891 Vergebant,
412 1839 556 1878 medici
586 1853 693 1877 nunc
722 1840 819 1878 dant
848 1837 1042 1878 sollertius
1071 1840 1142 1878 usi.
1372 1854 1471 1878 1010

142 1900 158 1911 ‘
201 1905 301 1943 Inde
329 1917 437 1942 casas
465 1909 675 1953 postquam
705 1916 750 1940 ac
778 1904 901 1952 pelles
930 1903 1136 1974 ignemque
1168 1912 1362 1953 pararunt,

148 1970 200 2008 Et
228 1969 366 2009 mulier
393 1969 606 2007 coniuncta
634 1967 716 2005 viro
746 1967 940 2006 concessit
970 1967 1010 2005 in
1040 1981 1162 2006 unum

147 2034 381 2084 Hosthtzum
412 2047 456 2072 ac
481 2035 564 2072 lecti
590 2034 743 2071 soczalia
773 2046 862 2070 tura
891 2034 1034 2071 duobus

149 2097 318 2147 Cognita
345 2105 446 2145 sunt,
476 2099 707 2147 prolemque
735 2109 783 2135 ex
812 2109 852 2135 se
881 2097 1014 2136 videre
1044 2105 1226 2145 creatam,

148 2162 251 2199 Tum
279 2173 403 2210 genus
430 2161 646 2199 humanum
673 2160 842 2210 primum
872 2161 1100 2200 mollescere
1129 2161 1272 2212 coepit.

150 2224 257 2274 Ignis
286 2224 392 2263 enirn
419 2225 566 2264 curavit
594 2233 636 2263 ut
666 2224 761 2283 alsia
789 2238 953 2274 corpora
981 2225 1100 2276 frigus
1371 2239 1469 2277 1015

240 2285 279 2314 D.
715 2294 730 2297 “·
756 2301 757 2304 =
786 2307 797 2319 „
1338 2295 1356 2330 5
