<?xml version="1.0" encoding="UTF-8"?>
<!DOCTYPE html PUBLIC "-//W3C//DTD XHTML 1.0 Transitional//EN"
    "http://www.w3.org/TR/xhtml1/DTD/xhtml1-transitional.dtd">
<html xmlns="http://www.w3.org/1999/xhtml" xml:lang="en" lang="en">
 <head>
  <title>
</title>
<meta http-equiv="Content-Type" content="text/html;charset=utf-8" />
  <meta name='ocr-system' content='tesseract 3.04.00' />
  <meta name='ocr-capabilities' content='ocr_page ocr_carea ocr_par ocr_line ocrx_word'/>
</head>
<body>
  <div class='ocr_page' id='page_1' title='image "./dererumnatural00lucruoft_0050.png"; bbox 0 0 1648 2452; ppageno 0'>
   <div class='ocr_carea' id='block_1_1' title="bbox 189 94 1161 134">
    <p class='ocr_par' dir='ltr' id='par_1_1' title="bbox 189 94 1161 134">
     <span class='ocr_line' id='line_1_1' title="bbox 189 94 1161 134; baseline -0.004 0"><span class='ocrx_word' id='word_1_1' title='bbox 189 99 234 134; x_wconf 90' lang='lat'>16</span> <span class='ocrx_word' id='word_1_2' title='bbox 529 95 618 131; x_wconf 83' lang='lat' dir='ltr'>DE</span> <span class='ocrx_word' id='word_1_3' title='bbox 654 94 778 130; x_wconf 81' lang='lat' dir='ltr'>RER</span> <span class='ocrx_word' id='word_1_4' title='bbox 789 94 884 131; x_wconf 81' lang='lat' dir='ltr'>UM</span> <span class='ocrx_word' id='word_1_5' title='bbox 911 94 994 131; x_wconf 92' lang='lat' dir='ltr'>NA</span> <span class='ocrx_word' id='word_1_6' title='bbox 1005 95 1161 132; x_wconf 83' lang='lat' dir='ltr'><em>TURA</em></span> 
     </span>
    </p>
   </div>
   <div class='ocr_carea' id='block_1_2' title="bbox 182 178 1347 1896">
    <p class='ocr_par' dir='ltr' id='par_1_2' title="bbox 182 178 1347 1896">
     <span class='ocr_line' id='line_1_2' title="bbox 184 178 1084 228; baseline -0.001 -10"><span class='ocrx_word' id='word_1_7' title='bbox 184 180 357 219; x_wconf 91' lang='lat' dir='ltr'>Succidit</span> <span class='ocrx_word' id='word_1_8' title='bbox 385 187 424 218; x_wconf 89' lang='lat' dir='ltr'>et</span> <span class='ocrx_word' id='word_1_9' title='bbox 453 181 555 218; x_wconf 89' lang='lat' dir='ltr'>salso</span> <span class='ocrx_word' id='word_1_10' title='bbox 585 178 742 217; x_wconf 82' lang='lat' dir='ltr'>suffudit</span> <span class='ocrx_word' id='word_1_11' title='bbox 771 180 922 228; x_wconf 85' lang='lat' dir='ltr'>gurgite</span> <span class='ocrx_word' id='word_1_12' title='bbox 951 179 1084 217; x_wconf 87' lang='lat' dir='ltr'>fossas.</span> 
     </span>
     <span class='ocr_line' id='line_1_3' title="bbox 185 241 1284 292; baseline 0.001 -11"><span class='ocrx_word' id='word_1_13' title='bbox 185 245 312 292; x_wconf 89' lang='lat' dir='ltr'><strong>Inque</strong></span> <span class='ocrx_word' id='word_1_14' title='bbox 341 242 425 281; x_wconf 89' lang='lat' dir='ltr'>dies</span> <span class='ocrx_word' id='word_1_15' title='bbox 453 249 603 291; x_wconf 82' lang='lat' dir='ltr'>quanto</span> <span class='ocrx_word' id='word_1_16' title='bbox 632 241 779 280; x_wconf 91' lang='lat' dir='ltr'>circum</span> <span class='ocrx_word' id='word_1_17' title='bbox 809 241 930 291; x_wconf 91' lang='lat' dir='ltr'>magis</span> <span class='ocrx_word' id='word_1_18' title='bbox 959 242 1125 281; x_wconf 87' lang='lat' dir='ltr'>aetheris</span> <span class='ocrx_word' id='word_1_19' title='bbox 1153 249 1284 282; x_wconf 88' lang='lat' dir='ltr'>aestus</span> 
     </span>
     <span class='ocr_line' id='line_1_4' title="bbox 185 306 1076 356; baseline -0.002 -10"><span class='ocrx_word' id='word_1_20' title='bbox 185 309 235 346; x_wconf 92' lang='lat' dir='ltr'>Et</span> <span class='ocrx_word' id='word_1_21' title='bbox 263 307 361 346; x_wconf 90' lang='lat' dir='ltr'>radii</span> <span class='ocrx_word' id='word_1_22' title='bbox 390 308 482 345; x_wconf 87' lang='lat' dir='ltr'>solis</span> <span class='ocrx_word' id='word_1_23' title='bbox 511 308 705 356; x_wconf 84' lang='lat' dir='ltr'>cogebant</span> <span class='ocrx_word' id='word_1_24' title='bbox 734 306 908 356; x_wconf 90' lang='lat' dir='ltr'>undique</span> <span class='ocrx_word' id='word_1_25' title='bbox 937 314 1076 345; x_wconf 82' lang='lat' dir='ltr'>terram</span> 
     </span>
     <span class='ocr_line' id='line_1_5' title="bbox 182 369 1270 417; baseline 0.002 -10"><span class='ocrx_word' id='word_1_26' title='bbox 182 369 420 409; x_wconf 86' lang='lat' dir='ltr'>Verberibus</span> <span class='ocrx_word' id='word_1_27' title='bbox 449 371 591 408; x_wconf 87' lang='lat' dir='ltr'>crebris</span> <span class='ocrx_word' id='word_1_28' title='bbox 620 379 792 408; x_wconf 87' lang='lat' dir='ltr'>extrema</span> <span class='ocrx_word' id='word_1_29' title='bbox 821 371 870 409; x_wconf 90' lang='lat' dir='ltr'>ad</span> <span class='ocrx_word' id='word_1_30' title='bbox 900 371 1035 409; x_wconf 91' lang='lat' dir='ltr'>limina</span> <span class='ocrx_word' id='word_1_31' title='bbox 1065 372 1104 409; x_wconf 91' lang='lat' dir='ltr'>in</span> <span class='ocrx_word' id='word_1_32' title='bbox 1133 378 1270 417; x_wconf 86' lang='lat' dir='ltr'>artum,</span> 
     </span>
     <span class='ocr_line' id='line_1_6' title="bbox 185 435 1176 484; baseline 0.002 -12"><span class='ocrx_word' id='word_1_33' title='bbox 185 436 233 473; x_wconf 93' lang='lat' dir='ltr'>In</span> <span class='ocrx_word' id='word_1_34' title='bbox 263 435 396 473; x_wconf 88' lang='lat' dir='ltr'>medio</span> <span class='ocrx_word' id='word_1_35' title='bbox 423 443 467 473; x_wconf 93' lang='lat' dir='ltr'>ut</span> <span class='ocrx_word' id='word_1_36' title='bbox 494 436 682 484; x_wconf 89' lang='lat' dir='ltr'>propulsa</span> <span class='ocrx_word' id='word_1_37' title='bbox 711 448 782 473; x_wconf 93' lang='lat' dir='ltr'>suo</span> <span class='ocrx_word' id='word_1_38' title='bbox 812 437 1015 474; x_wconf 89' lang='lat' dir='ltr'>condensa</span> <span class='ocrx_word' id='word_1_39' title='bbox 1043 436 1176 482; x_wconf 91' lang='lat' dir='ltr'>coiret,</span> 
     </span>
     <span class='ocr_line' id='line_1_7' title="bbox 183 499 1239 550; baseline 0 -13"><span class='ocrx_word' id='word_1_40' title='bbox 183 502 284 538; x_wconf 86' lang='lat' dir='ltr'>Tam</span> <span class='ocrx_word' id='word_1_41' title='bbox 314 499 437 549; x_wconf 86' lang='lat' dir='ltr'>magis</span> <span class='ocrx_word' id='word_1_42' title='bbox 465 513 669 549; x_wconf 89' lang='lat' dir='ltr'>expressus</span> <span class='ocrx_word' id='word_1_43' title='bbox 698 501 820 538; x_wconf 89' lang='lat' dir='ltr'>salsus</span> <span class='ocrx_word' id='word_1_44' title='bbox 849 501 899 539; x_wconf 94' lang='lat' dir='ltr'>de</span> <span class='ocrx_word' id='word_1_45' title='bbox 928 513 1091 550; x_wconf 91' lang='lat' dir='ltr'>corpore</span> <span class='ocrx_word' id='word_1_46' title='bbox 1119 501 1239 538; x_wconf 89' lang='lat' dir='ltr'>sudor</span> 
     </span>
     <span class='ocr_line' id='line_1_8' title="bbox 184 564 1223 613; baseline 0 -11"><span class='ocrx_word' id='word_1_47' title='bbox 184 566 365 613; x_wconf 84' lang='lat' dir='ltr'>Augebat</span> <span class='ocrx_word' id='word_1_48' title='bbox 394 577 500 602; x_wconf 88' lang='lat' dir='ltr'>mare</span> <span class='ocrx_word' id='word_1_49' title='bbox 528 564 727 601; x_wconf 88' lang='lat' dir='ltr'>manando</span> <span class='ocrx_word' id='word_1_50' title='bbox 757 577 1000 613; x_wconf 89' lang='lat' dir='ltr'>camposque</span> <span class='ocrx_word' id='word_1_51' title='bbox 1030 571 1223 611; x_wconf 90' lang='lat' dir='ltr'>natantes,</span> 
     </span>
     <span class='ocr_line' id='line_1_9' title="bbox 184 627 1123 677; baseline -0.001 -10"><span class='ocrx_word' id='word_1_52' title='bbox 184 631 235 667; x_wconf 93' lang='lat' dir='ltr'>Et</span> <span class='ocrx_word' id='word_1_53' title='bbox 263 635 373 666; x_wconf 88' lang='lat' dir='ltr'>tanto</span> <span class='ocrx_word' id='word_1_54' title='bbox 401 627 524 677; x_wconf 88' lang='lat' dir='ltr'>magis</span> <span class='ocrx_word' id='word_1_55' title='bbox 552 627 619 666; x_wconf 89' lang='lat' dir='ltr'>illa</span> <span class='ocrx_word' id='word_1_56' title='bbox 646 629 748 666; x_wconf 89' lang='lat' dir='ltr'>foras</span> <span class='ocrx_word' id='word_1_57' title='bbox 778 629 911 677; x_wconf 90' lang='lat' dir='ltr'>elapsa</span> <span class='ocrx_word' id='word_1_58' title='bbox 938 629 1123 666; x_wconf 87' lang='lat' dir='ltr'>volabant</span> 
     </span>
     <span class='ocr_line' id='line_1_10' title="bbox 186 691 1203 742; baseline -0.002 -11"><span class='ocrx_word' id='word_1_59' title='bbox 186 695 363 742; x_wconf 86' lang='lat' dir='ltr'>Corpora</span> <span class='ocrx_word' id='word_1_60' title='bbox 391 693 515 730; x_wconf 90' lang='lat' dir='ltr'>multa</span> <span class='ocrx_word' id='word_1_61' title='bbox 543 692 697 741; x_wconf 85' lang='lat' dir='ltr'>vaporis</span> <span class='ocrx_word' id='word_1_62' title='bbox 726 699 765 730; x_wconf 90' lang='lat' dir='ltr'>et</span> <span class='ocrx_word' id='word_1_63' title='bbox 794 691 893 730; x_wconf 86' lang='lat' dir='ltr'>aeris</span> <span class='ocrx_word' id='word_1_64' title='bbox 922 693 1077 741; x_wconf 88' lang='lat' dir='ltr'>altaque</span> <span class='ocrx_word' id='word_1_65' title='bbox 1106 692 1203 730; x_wconf 90' lang='lat' dir='ltr'>caeli</span> 
     </span>
     <span class='ocr_line' id='line_1_11' title="bbox 186 756 1175 807; baseline -0.001 -11"><span class='ocrx_word' id='word_1_66' title='bbox 186 759 418 796; x_wconf 89' lang='lat' dir='ltr'>Densebant</span> <span class='ocrx_word' id='word_1_67' title='bbox 447 758 584 806; x_wconf 90' lang='lat' dir='ltr'>procul</span> <span class='ocrx_word' id='word_1_68' title='bbox 613 770 637 794; x_wconf 93' lang='lat' dir='ltr'>a</span> <span class='ocrx_word' id='word_1_69' title='bbox 664 757 773 795; x_wconf 90' lang='lat' dir='ltr'>terris</span> <span class='ocrx_word' id='word_1_70' title='bbox 801 756 990 807; x_wconf 87' lang='lat' dir='ltr'>fulgentia</span> <span class='ocrx_word' id='word_1_71' title='bbox 1019 758 1175 806; x_wconf 88' lang='lat' dir='ltr'>templa.</span> 
     </span>
     <span class='ocr_line' id='line_1_12' title="bbox 184 821 1144 871; baseline -0.002 -10"><span class='ocrx_word' id='word_1_72' title='bbox 184 823 372 862; x_wconf 88' lang='lat' dir='ltr'>Sidebant</span> <span class='ocrx_word' id='word_1_73' title='bbox 401 822 541 871; x_wconf 87' lang='lat' dir='ltr'>campi,</span> <span class='ocrx_word' id='word_1_74' title='bbox 572 823 800 860; x_wconf 82' lang='lat' dir='ltr'>crescebant</span> <span class='ocrx_word' id='word_1_75' title='bbox 829 822 1029 859; x_wconf 85' lang='lat' dir='ltr'>montibus</span> <span class='ocrx_word' id='word_1_76' title='bbox 1057 821 1144 859; x_wconf 89' lang='lat' dir='ltr'>altis</span> 
     </span>
     <span class='ocr_line' id='line_1_13' title="bbox 185 885 1267 934; baseline -0.001 -11"><span class='ocrx_word' id='word_1_77' title='bbox 185 888 409 931; x_wconf 80' lang='lat' dir='ltr'>Ascensus3</span> <span class='ocrx_word' id='word_1_78' title='bbox 444 897 574 934; x_wconf 90' lang='lat' dir='ltr'>neque</span> <span class='ocrx_word' id='word_1_79' title='bbox 603 885 706 922; x_wconf 89' lang='lat' dir='ltr'>enirn</span> <span class='ocrx_word' id='word_1_80' title='bbox 736 892 917 934; x_wconf 85' lang='lat' dir='ltr'>poterant</span> <span class='ocrx_word' id='word_1_81' title='bbox 946 885 1147 923; x_wconf 85' lang='lat' dir='ltr'>subsidere</span> <span class='ocrx_word' id='word_1_82' title='bbox 1177 898 1267 923; x_wconf 87' lang='lat' dir='ltr'>saxa</span> 
     </span>
     <span class='ocr_line' id='line_1_14' title="bbox 186 949 1327 998; baseline 0 -12"><span class='ocrx_word' id='word_1_83' title='bbox 186 951 273 987; x_wconf 94' lang='lat' dir='ltr'>Nec</span> <span class='ocrx_word' id='word_1_84' title='bbox 300 949 442 998; x_wconf 87' lang='lat' dir='ltr'>pariter</span> <span class='ocrx_word' id='word_1_85' title='bbox 470 949 704 993; x_wconf 87' lang='lat' dir='ltr'>tantundem</span> <span class='ocrx_word' id='word_1_86' title='bbox 734 961 873 987; x_wconf 90' lang='lat' dir='ltr'>omnes</span> <span class='ocrx_word' id='word_1_87' title='bbox 903 949 1159 987; x_wconf 85' lang='lat' dir='ltr'>succumbere</span> <span class='ocrx_word' id='word_1_88' title='bbox 1187 958 1327 998; x_wconf 87' lang='lat' dir='ltr'>partes.</span> 
     </span>
     <span class='ocr_line' id='line_1_15' title="bbox 238 1013 1187 1062; baseline 0 -12"><span class='ocrx_word' id='word_1_89' title='bbox 238 1013 302 1051; x_wconf 92' lang='lat' dir='ltr'>Sic</span> <span class='ocrx_word' id='word_1_90' title='bbox 330 1013 445 1062; x_wconf 86' lang='lat' dir='ltr'>igitur</span> <span class='ocrx_word' id='word_1_91' title='bbox 471 1020 595 1050; x_wconf 84' lang='lat' dir='ltr'>terrae</span> <span class='ocrx_word' id='word_1_92' title='bbox 624 1021 809 1051; x_wconf 88' lang='lat' dir='ltr'>concreto</span> <span class='ocrx_word' id='word_1_93' title='bbox 838 1025 1002 1062; x_wconf 93' lang='lat' dir='ltr'>corpore</span> <span class='ocrx_word' id='word_1_94' title='bbox 1031 1013 1187 1062; x_wconf 92' lang='lat' dir='ltr'>pondus</span> 
     </span>
     <span class='ocr_line' id='line_1_16' title="bbox 186 1076 1347 1126; baseline -0.002 -10"><span class='ocrx_word' id='word_1_95' title='bbox 186 1076 372 1117; x_wconf 88' lang='lat' dir='ltr'>Constitit</span> <span class='ocrx_word' id='word_1_96' title='bbox 400 1085 519 1126; x_wconf 85' lang='lat' dir='ltr'>atque</span> <span class='ocrx_word' id='word_1_97' title='bbox 548 1077 677 1115; x_wconf 86' lang='lat' dir='ltr'>omnis</span> <span class='ocrx_word' id='word_1_98' title='bbox 707 1077 844 1115; x_wconf 90' lang='lat' dir='ltr'>mundi</span> <span class='ocrx_word' id='word_1_99' title='bbox 874 1077 987 1126; x_wconf 86' lang='lat' dir='ltr'>quasi</span> <span class='ocrx_word' id='word_1_100' title='bbox 1015 1077 1130 1115; x_wconf 90' lang='lat' dir='ltr'>limus</span> <span class='ocrx_word' id='word_1_101' title='bbox 1159 1077 1199 1114; x_wconf 91' lang='lat' dir='ltr'>in</span> <span class='ocrx_word' id='word_1_102' title='bbox 1227 1076 1347 1114; x_wconf 86' lang='lat' dir='ltr'>imum</span> 
     </span>
     <span class='ocr_line' id='line_1_17' title="bbox 187 1139 1226 1190; baseline -0.002 -10"><span class='ocrx_word' id='word_1_103' title='bbox 187 1140 385 1180; x_wconf 86' lang='lat' dir='ltr'>Confluxit</span> <span class='ocrx_word' id='word_1_104' title='bbox 412 1139 538 1190; x_wconf 87' lang='lat' dir='ltr'>gravis</span> <span class='ocrx_word' id='word_1_105' title='bbox 567 1148 605 1178; x_wconf 89' lang='lat' dir='ltr'>et</span> <span class='ocrx_word' id='word_1_106' title='bbox 634 1140 810 1179; x_wconf 87' lang='lat' dir='ltr'>subsedit</span> <span class='ocrx_word' id='word_1_107' title='bbox 839 1139 1015 1178; x_wconf 87' lang='lat' dir='ltr'>funditus</span> <span class='ocrx_word' id='word_1_108' title='bbox 1044 1149 1085 1178; x_wconf 93' lang='lat' dir='ltr'>ut</span> <span class='ocrx_word' id='word_1_109' title='bbox 1115 1141 1226 1188; x_wconf 81' lang='lat' dir='ltr'>faex3</span> 
     </span>
     <span class='ocr_line' id='line_1_18' title="bbox 187 1204 1196 1254; baseline 0 -11"><span class='ocrx_word' id='word_1_110' title='bbox 187 1208 287 1245; x_wconf 91' lang='lat' dir='ltr'>Inde</span> <span class='ocrx_word' id='word_1_111' title='bbox 317 1218 422 1244; x_wconf 88' lang='lat' dir='ltr'>mare</span> <span class='ocrx_word' id='word_1_112' title='bbox 449 1205 542 1243; x_wconf 92' lang='lat' dir='ltr'>inde</span> <span class='ocrx_word' id='word_1_113' title='bbox 571 1218 636 1242; x_wconf 91' lang='lat' dir='ltr'>aer</span> <span class='ocrx_word' id='word_1_114' title='bbox 664 1204 757 1243; x_wconf 92' lang='lat' dir='ltr'>inde</span> <span class='ocrx_word' id='word_1_115' title='bbox 786 1206 920 1243; x_wconf 86' lang='lat' dir='ltr'>aether</span> <span class='ocrx_word' id='word_1_116' title='bbox 948 1204 1085 1254; x_wconf 81' lang='lat' dir='ltr'>ignifer</span> <span class='ocrx_word' id='word_1_117' title='bbox 1112 1204 1196 1254; x_wconf 90' lang='lat' dir='ltr'>ipse</span> 
     </span>
     <span class='ocr_line' id='line_1_19' title="bbox 187 1267 1186 1319; baseline -0.003 -10"><span class='ocrx_word' id='word_1_118' title='bbox 187 1269 425 1319; x_wconf 84' lang='lat' dir='ltr'>Corporibus</span> <span class='ocrx_word' id='word_1_119' title='bbox 454 1267 611 1317; x_wconf 87' lang='lat' dir='ltr'>liquidis</span> <span class='ocrx_word' id='word_1_120' title='bbox 641 1275 729 1306; x_wconf 92' lang='lat' dir='ltr'>sunt</span> <span class='ocrx_word' id='word_1_121' title='bbox 759 1268 892 1306; x_wconf 91' lang='lat' dir='ltr'>omnia</span> <span class='ocrx_word' id='word_1_122' title='bbox 920 1281 1014 1317; x_wconf 88' lang='lat' dir='ltr'>pura</span> <span class='ocrx_word' id='word_1_123' title='bbox 1043 1267 1186 1315; x_wconf 87' lang='lat' dir='ltr'>relicta,</span> 
     </span>
     <span class='ocr_line' id='line_1_20' title="bbox 186 1331 1176 1380; baseline -0.002 -9"><span class='ocrx_word' id='word_1_124' title='bbox 186 1334 238 1371; x_wconf 92' lang='lat' dir='ltr'>Et</span> <span class='ocrx_word' id='word_1_125' title='bbox 264 1332 409 1371; x_wconf 88' lang='lat' dir='ltr'>leviora</span> <span class='ocrx_word' id='word_1_126' title='bbox 436 1332 518 1370; x_wconf 91' lang='lat' dir='ltr'>aliis</span> <span class='ocrx_word' id='word_1_127' title='bbox 547 1331 633 1377; x_wconf 89' lang='lat' dir='ltr'>alia,</span> <span class='ocrx_word' id='word_1_128' title='bbox 664 1339 702 1369; x_wconf 89' lang='lat' dir='ltr'>et</span> <span class='ocrx_word' id='word_1_129' title='bbox 731 1331 1012 1380; x_wconf 87' lang='lat' dir='ltr'>liquidissimus</span> <span class='ocrx_word' id='word_1_130' title='bbox 1041 1332 1176 1369; x_wconf 86' lang='lat' dir='ltr'>aether</span> 
     </span>
     <span class='ocr_line' id='line_1_21' title="bbox 186 1395 1164 1446; baseline -0.002 -11"><span class='ocrx_word' id='word_1_131' title='bbox 186 1400 317 1446; x_wconf 90' lang='lat' dir='ltr'>Atque</span> <span class='ocrx_word' id='word_1_132' title='bbox 345 1396 562 1434; x_wconf 90' lang='lat' dir='ltr'>levissimus</span> <span class='ocrx_word' id='word_1_133' title='bbox 591 1395 713 1434; x_wconf 87' lang='lat' dir='ltr'>aerias</span> <span class='ocrx_word' id='word_1_134' title='bbox 742 1408 859 1445; x_wconf 91' lang='lat' dir='ltr'>super</span> <span class='ocrx_word' id='word_1_135' title='bbox 888 1395 1011 1433; x_wconf 89' lang='lat' dir='ltr'>influit</span> <span class='ocrx_word' id='word_1_136' title='bbox 1040 1408 1164 1441; x_wconf 89' lang='lat' dir='ltr'>auras,</span> 
     </span>
     <span class='ocr_line' id='line_1_22' title="bbox 188 1459 1194 1509; baseline -0.001 -11"><span class='ocrx_word' id='word_1_137' title='bbox 188 1463 274 1499; x_wconf 91' lang='lat' dir='ltr'>Nec</span> <span class='ocrx_word' id='word_1_138' title='bbox 301 1460 491 1509; x_wconf 89' lang='lat' dir='ltr'>liquidum</span> <span class='ocrx_word' id='word_1_139' title='bbox 521 1473 662 1509; x_wconf 88' lang='lat' dir='ltr'>corpus</span> <span class='ocrx_word' id='word_1_140' title='bbox 691 1460 938 1500; x_wconf 86' lang='lat' dir='ltr'>turbantibus</span> <span class='ocrx_word' id='word_1_141' title='bbox 967 1460 1064 1498; x_wconf 89' lang='lat' dir='ltr'>aeris</span> <span class='ocrx_word' id='word_1_142' title='bbox 1093 1459 1194 1498; x_wconf 90' lang='lat' dir='ltr'>auris</span> 
     </span>
     <span class='ocr_line' id='line_1_23' title="bbox 187 1519 1203 1574; baseline -0.002 -9"><span class='ocrx_word' id='word_1_143' title='bbox 187 1519 454 1574; x_wconf 73' lang='lat' dir='ltr'>Commiscet3</span> <span class='ocrx_word' id='word_1_144' title='bbox 491 1525 583 1564; x_wconf 83' lang='lat' dir='ltr'>sinit</span> <span class='ocrx_word' id='word_1_145' title='bbox 612 1527 710 1564; x_wconf 90' lang='lat' dir='ltr'>haec</span> <span class='ocrx_word' id='word_1_146' title='bbox 739 1526 919 1564; x_wconf 89' lang='lat' dir='ltr'>violentis</span> <span class='ocrx_word' id='word_1_147' title='bbox 948 1527 1082 1564; x_wconf 91' lang='lat' dir='ltr'>omnia</span> <span class='ocrx_word' id='word_1_148' title='bbox 1108 1525 1203 1563; x_wconf 87' lang='lat' dir='ltr'>verti</span> 
     </span>
     <span class='ocr_line' id='line_1_24' title="bbox 186 1589 1142 1639; baseline -0.002 -11"><span class='ocrx_word' id='word_1_149' title='bbox 186 1590 436 1636; x_wconf 90' lang='lat' dir='ltr'>Turbinibus,</span> <span class='ocrx_word' id='word_1_150' title='bbox 467 1589 558 1627; x_wconf 89' lang='lat' dir='ltr'>sinit</span> <span class='ocrx_word' id='word_1_151' title='bbox 585 1590 742 1628; x_wconf 86' lang='lat' dir='ltr'>incertis</span> <span class='ocrx_word' id='word_1_152' title='bbox 771 1590 923 1628; x_wconf 82' lang='lat' dir='ltr'>turbare</span> <span class='ocrx_word' id='word_1_153' title='bbox 951 1589 1142 1639; x_wconf 91' lang='lat' dir='ltr'>procellis,</span> 
     </span>
     <span class='ocr_line' id='line_1_25' title="bbox 188 1654 1211 1704; baseline -0.003 -11"><span class='ocrx_word' id='word_1_154' title='bbox 188 1657 279 1704; x_wconf 92' lang='lat' dir='ltr'>Ipse</span> <span class='ocrx_word' id='word_1_155' title='bbox 308 1668 399 1693; x_wconf 89' lang='lat' dir='ltr'>suos</span> <span class='ocrx_word' id='word_1_156' title='bbox 426 1654 536 1704; x_wconf 84' lang='lat' dir='ltr'>ignes</span> <span class='ocrx_word' id='word_1_157' title='bbox 564 1662 671 1693; x_wconf 89' lang='lat' dir='ltr'>certo</span> <span class='ocrx_word' id='word_1_158' title='bbox 700 1655 771 1692; x_wconf 90' lang='lat' dir='ltr'>fert</span> <span class='ocrx_word' id='word_1_159' title='bbox 799 1654 1122 1703; x_wconf 21' lang='lat' dir='ltr'>impeterlabens.</span> <span class='ocrx_word' id='word_1_160' title='bbox 1183 1674 1211 1699; x_wconf 52' lang='lat'>4</span> 
     </span>
     <span class='ocr_line' id='line_1_26' title="bbox 188 1717 1326 1768; baseline -0.003 -11"><span class='ocrx_word' id='word_1_161' title='bbox 188 1721 292 1757; x_wconf 91' lang='lat' dir='ltr'>Nam</span> <span class='ocrx_word' id='word_1_162' title='bbox 321 1719 477 1757; x_wconf 91' lang='lat' dir='ltr'>modice</span> <span class='ocrx_word' id='word_1_163' title='bbox 506 1720 624 1757; x_wconf 87' lang='lat' dir='ltr'>fluere</span> <span class='ocrx_word' id='word_1_164' title='bbox 653 1727 771 1768; x_wconf 90' lang='lat' dir='ltr'>atque</span> <span class='ocrx_word' id='word_1_165' title='bbox 801 1731 882 1757; x_wconf 92' lang='lat' dir='ltr'>uno</span> <span class='ocrx_word' id='word_1_166' title='bbox 910 1730 1027 1767; x_wconf 91' lang='lat' dir='ltr'>posse</span> <span class='ocrx_word' id='word_1_167' title='bbox 1055 1718 1212 1757; x_wconf 86' lang='lat' dir='ltr'>aethera</span> <span class='ocrx_word' id='word_1_168' title='bbox 1240 1717 1326 1754; x_wconf 89' lang='lat' dir='ltr'>nisu</span> 
     </span>
     <span class='ocr_line' id='line_1_27' title="bbox 187 1782 1234 1832; baseline -0.002 -11"><span class='ocrx_word' id='word_1_169' title='bbox 187 1782 386 1832; x_wconf 81' lang='lat' dir='ltr'>Significat</span> <span class='ocrx_word' id='word_1_170' title='bbox 415 1785 575 1828; x_wconf 90' lang='lat' dir='ltr'>Pontos,</span> <span class='ocrx_word' id='word_1_171' title='bbox 606 1795 711 1821; x_wconf 89' lang='lat' dir='ltr'>mare</span> <span class='ocrx_word' id='word_1_172' title='bbox 739 1791 846 1821; x_wconf 83' lang='lat' dir='ltr'>certo</span> <span class='ocrx_word' id='word_1_173' title='bbox 876 1783 984 1831; x_wconf 86' lang='lat' dir='ltr'>quod</span> <span class='ocrx_word' id='word_1_174' title='bbox 1012 1782 1097 1820; x_wconf 90' lang='lat' dir='ltr'>fluit</span> <span class='ocrx_word' id='word_1_175' title='bbox 1125 1789 1234 1820; x_wconf 92' lang='lat' dir='ltr'>aestu</span> 
     </span>
     <span class='ocr_line' id='line_1_28' title="bbox 189 1836 1172 1896; baseline -0.003 -11"><span class='ocrx_word' id='word_1_176' title='bbox 189 1848 325 1886; x_wconf 90' lang='lat' dir='ltr'>Unum</span> <span class='ocrx_word' id='word_1_177' title='bbox 353 1836 514 1885; x_wconf 88' lang='lat' dir='ltr'>labendi</span> <span class='ocrx_word' id='word_1_178' title='bbox 542 1859 778 1885; x_wconf 85' lang='lat' dir='ltr'>conservans</span> <span class='ocrx_word' id='word_1_179' title='bbox 807 1859 931 1896; x_wconf 91' lang='lat' dir='ltr'>usque</span> <span class='ocrx_word' id='word_1_180' title='bbox 960 1854 1146 1884; x_wconf 89' lang='lat' dir='ltr'>tenorem.</span> <span class='ocrx_word' id='word_1_181' title='bbox 1170 1837 1172 1839; x_wconf 36' lang='lat'>ยน</span> 
     </span>
    </p>
   </div>
   <div class='ocr_carea' id='block_1_3' title="bbox 243 1910 1358 1959">
    <p class='ocr_par' dir='ltr' id='par_1_3' title="bbox 243 1910 1358 1959">
     <span class='ocr_line' id='line_1_29' title="bbox 243 1910 1358 1959; baseline -0.004 -10"><span class='ocrx_word' id='word_1_182' title='bbox 243 1910 421 1949; x_wconf 90' lang='lat' dir='ltr'>Motibus</span> <span class='ocrx_word' id='word_1_183' title='bbox 452 1919 642 1949; x_wconf 88' lang='lat' dir='ltr'>astrorum</span> <span class='ocrx_word' id='word_1_184' title='bbox 673 1923 780 1948; x_wconf 90' lang='lat' dir='ltr'>nunc</span> <span class='ocrx_word' id='word_1_185' title='bbox 809 1923 911 1959; x_wconf 90' lang='lat' dir='ltr'>quae</span> <span class='ocrx_word' id='word_1_186' title='bbox 941 1910 988 1948; x_wconf 89' lang='lat' dir='ltr'>sit</span> <span class='ocrx_word' id='word_1_187' title='bbox 1017 1921 1134 1947; x_wconf 86' lang='lat' dir='ltr'>causa</span> <span class='ocrx_word' id='word_1_188' title='bbox 1161 1921 1358 1946; x_wconf 87' lang='lat' dir='ltr'>canamus.</span> 
     </span>
    </p>
   </div>
   <div class='ocr_carea' id='block_1_4' title="bbox 190 1972 1199 2088">
    <p class='ocr_par' dir='ltr' id='par_1_4' title="bbox 190 1972 1199 2088">
     <span class='ocr_line' id='line_1_30' title="bbox 190 1972 1095 2024; baseline -0.001 -13"><span class='ocrx_word' id='word_1_189' title='bbox 190 1973 384 2023; x_wconf 90' lang='lat' dir='ltr'>Principio</span> <span class='ocrx_word' id='word_1_190' title='bbox 414 1987 576 2024; x_wconf 88' lang='lat' dir='ltr'>magnus</span> <span class='ocrx_word' id='word_1_191' title='bbox 605 1973 703 2012; x_wconf 91' lang='lat' dir='ltr'>caeli</span> <span class='ocrx_word' id='word_1_192' title='bbox 733 1973 766 2012; x_wconf 87' lang='lat' dir='ltr'>si</span> <span class='ocrx_word' id='word_1_193' title='bbox 793 1975 952 2012; x_wconf 87' lang='lat' dir='ltr'>vertitur</span> <span class='ocrx_word' id='word_1_194' title='bbox 980 1972 1095 2018; x_wconf 86' lang='lat' dir='ltr'>orbis,</span> 
     </span>
     <span class='ocr_line' id='line_1_31' title="bbox 190 2035 1199 2088; baseline -0.002 -12"><span class='ocrx_word' id='word_1_195' title='bbox 190 2040 249 2076; x_wconf 87' lang='lat' dir='ltr'>Ex</span> <span class='ocrx_word' id='word_1_196' title='bbox 276 2046 439 2088; x_wconf 89' lang='lat' dir='ltr'>utraque</span> <span class='ocrx_word' id='word_1_197' title='bbox 468 2040 604 2088; x_wconf 89' lang='lat' dir='ltr'>polum</span> <span class='ocrx_word' id='word_1_198' title='bbox 633 2038 733 2088; x_wconf 85' lang='lat' dir='ltr'>parti</span> <span class='ocrx_word' id='word_1_199' title='bbox 761 2051 939 2088; x_wconf 90' lang='lat' dir='ltr'>premere</span> <span class='ocrx_word' id='word_1_200' title='bbox 967 2050 1056 2076; x_wconf 91' lang='lat' dir='ltr'>aera</span> <span class='ocrx_word' id='word_1_201' title='bbox 1084 2035 1199 2075; x_wconf 91' lang='lat' dir='ltr'>nobis</span> 
     </span>
    </p>
   </div>
   <div class='ocr_carea' id='block_1_5' title="bbox 190 2098 1406 2151">
    <p class='ocr_par' dir='ltr' id='par_1_5' title="bbox 190 2098 1406 2151">
     <span class='ocr_line' id='line_1_32' title="bbox 190 2098 1406 2151; baseline -0.002 -10"><span class='ocrx_word' id='word_1_202' title='bbox 190 2102 414 2141; x_wconf 91' lang='lat' dir='ltr'>Dicendum</span> <span class='ocrx_word' id='word_1_203' title='bbox 444 2110 502 2141; x_wconf 89' lang='lat' dir='ltr'>est</span> <span class='ocrx_word' id='word_1_204' title='bbox 531 2110 716 2151; x_wconf 88' lang='lat' dir='ltr'>extraque</span> <span class='ocrx_word' id='word_1_205' title='bbox 746 2109 880 2141; x_wconf 89' lang='lat' dir='ltr'>tenere</span> <span class='ocrx_word' id='word_1_206' title='bbox 909 2110 948 2140; x_wconf 90' lang='lat' dir='ltr'>et</span> <span class='ocrx_word' id='word_1_207' title='bbox 976 2101 1157 2139; x_wconf 88' lang='lat' dir='ltr'>claudere</span> <span class='ocrx_word' id='word_1_208' title='bbox 1185 2098 1406 2149; x_wconf 84' lang='lat' dir='ltr'>utrimque3</span> 
     </span>
    </p>
   </div>
   <div class='ocr_carea' id='block_1_6' title="bbox 191 2163 1276 2276">
    <p class='ocr_par' dir='ltr' id='par_1_6' title="bbox 191 2163 1276 2276">
     <span class='ocr_line' id='line_1_33' title="bbox 192 2163 1276 2215; baseline -0.001 -13"><span class='ocrx_word' id='word_1_209' title='bbox 192 2166 291 2204; x_wconf 88' lang='lat' dir='ltr'>Inde</span> <span class='ocrx_word' id='word_1_210' title='bbox 320 2164 438 2203; x_wconf 89' lang='lat' dir='ltr'>aliurn</span> <span class='ocrx_word' id='word_1_211' title='bbox 468 2179 583 2215; x_wconf 89' lang='lat' dir='ltr'>supra</span> <span class='ocrx_word' id='word_1_212' title='bbox 612 2167 730 2204; x_wconf 87' lang='lat' dir='ltr'>fluere</span> <span class='ocrx_word' id='word_1_213' title='bbox 760 2173 878 2214; x_wconf 90' lang='lat' dir='ltr'>atque</span> <span class='ocrx_word' id='word_1_214' title='bbox 904 2164 1108 2202; x_wconf 88' lang='lat' dir='ltr'>intendere</span> <span class='ocrx_word' id='word_1_215' title='bbox 1137 2163 1276 2201; x_wconf 87' lang='lat' dir='ltr'>eodem</span> 
     </span>
     <span class='ocr_line' id='line_1_34' title="bbox 191 2226 1199 2276; baseline -0.001 -12"><span class='ocrx_word' id='word_1_216' title='bbox 191 2227 283 2276; x_wconf 92' lang='lat' dir='ltr'>Quo</span> <span class='ocrx_word' id='word_1_217' title='bbox 311 2229 505 2266; x_wconf 81' lang='lat' dir='ltr'>volvenda</span> <span class='ocrx_word' id='word_1_218' title='bbox 534 2229 681 2266; x_wconf 85' lang='lat' dir='ltr'>micant</span> <span class='ocrx_word' id='word_1_219' title='bbox 709 2228 856 2266; x_wconf 85' lang='lat' dir='ltr'>aeterni</span> <span class='ocrx_word' id='word_1_220' title='bbox 885 2227 1010 2266; x_wconf 86' lang='lat' dir='ltr'>sidera</span> <span class='ocrx_word' id='word_1_221' title='bbox 1039 2226 1174 2264; x_wconf 89' lang='lat' dir='ltr'>mundi</span> <span class='ocrx_word' id='word_1_222' title='bbox 1189 2240 1199 2273; x_wconf 79' lang='lat'>3</span> 
     </span>
    </p>
   </div>
   <div class='ocr_carea' id='block_1_7' title="bbox 1430 372 1502 420">
    <p class='ocr_par' dir='ltr' id='par_1_7' title="bbox 1430 372 1502 420">
     <span class='ocr_line' id='line_1_35' title="bbox 1430 372 1502 420; baseline 0.028 -2"><span class='ocrx_word' id='word_1_223' title='bbox 1430 372 1502 420; x_wconf 84' lang='lat'>485</span> 
     </span>
    </p>
   </div>
   <div class='ocr_carea' id='block_1_8' title="bbox 1431 704 1508 741">
    <p class='ocr_par' dir='ltr' id='par_1_8' title="bbox 1431 704 1508 741">
     <span class='ocr_line' id='line_1_36' title="bbox 1431 704 1508 741; baseline 0.026 -2"><span class='ocrx_word' id='word_1_224' title='bbox 1431 704 1508 741; x_wconf 84' lang='lat'>490</span> 
     </span>
    </p>
   </div>
   <div class='ocr_carea' id='block_1_9' title="bbox 1431 1024 1506 1061">
    <p class='ocr_par' dir='ltr' id='par_1_9' title="bbox 1431 1024 1506 1061">
     <span class='ocr_line' id='line_1_37' title="bbox 1431 1024 1506 1061; baseline 0.027 -2"><span class='ocrx_word' id='word_1_225' title='bbox 1431 1024 1506 1061; x_wconf 85' lang='lat'>495</span> 
     </span>
    </p>
   </div>
   <div class='ocr_carea' id='block_1_10' title="bbox 1433 1341 1509 1381">
    <p class='ocr_par' dir='ltr' id='par_1_10' title="bbox 1433 1341 1509 1381">
     <span class='ocr_line' id='line_1_38' title="bbox 1433 1341 1509 1381; baseline 0.013 -14"><span class='ocrx_word' id='word_1_226' title='bbox 1433 1341 1509 1381; x_wconf 85' lang='lat'>500</span> 
     </span>
    </p>
   </div>
   <div class='ocr_carea' id='block_1_11' title="bbox 1434 1664 1506 1702">
    <p class='ocr_par' dir='ltr' id='par_1_11' title="bbox 1434 1664 1506 1702">
     <span class='ocr_line' id='line_1_39' title="bbox 1434 1664 1506 1702; baseline 0.014 -1"><span class='ocrx_word' id='word_1_227' title='bbox 1434 1664 1506 1702; x_wconf 84' lang='lat'>505</span> 
     </span>
    </p>
   </div>
   <div class='ocr_carea' id='block_1_12' title="bbox 1434 1984 1509 2021">
    <p class='ocr_par' dir='ltr' id='par_1_12' title="bbox 1434 1984 1509 2021">
     <span class='ocr_line' id='line_1_40' title="bbox 1434 1984 1509 2021; baseline 0 -11"><span class='ocrx_word' id='word_1_228' title='bbox 1434 1984 1509 2021; x_wconf 85' lang='lat'>510</span> 
     </span>
    </p>
   </div>
  </div>
 </body>
</html>
