1648 2452
172 94 217 118 22
515 81 604 118 DE
640 81 867 118 RERUM
898 80 977 116 NA
990 79 1144 117 TURA

169 167 248 203 Aut
277 164 367 214 quia
397 166 455 203 sol
483 164 587 204 idem
617 166 688 203 sub
717 171 837 203 terras
865 171 984 213 atque
1013 176 1178 213 superne

171 228 389 278 Imparibus
417 242 574 267 currens
603 228 853 267 amfractibus
882 228 1048 267 aetheris
1077 240 1163 266 oras

171 292 291 330 Partit
319 299 358 330 et
385 291 425 329 in
453 299 582 341 partes
610 305 691 330 non
719 304 863 341 aequas
893 291 1031 330 dividit
1060 292 1206 338 orbern,

172 357 222 393 Et
249 355 355 404 quod
384 355 433 393 ab
462 356 646 393 alterutra
673 354 838 393 detraxit
868 362 988 404 parte,
1018 353 1172 404 reponit
1410 356 1483 402 685

172 418 265 457 Eius
293 420 333 456 in
361 420 523 458 adversa
551 426 661 458 tanto
689 421 775 469 plus
805 426 914 468 parte
943 420 1097 465 relatus,

173 485 314 522 Donec
341 485 391 522 ad
419 483 459 522 id
489 484 642 536 sngum
671 484 768 522 caeli
798 484 984 533 pervenit,
1014 483 1081 522 ubi
1109 483 1201 521 anni

173 549 314 586 Nodus
342 554 551 586 nocturnas
581 554 773 595 exaequat
801 547 951 585 lucibus
979 548 1145 585 umbras.

173 614 289 659 Nam,
320 612 450 651 medio
479 625 592 650 cursu
620 611 732 649 flatus
761 610 954 660 aquilonis
983 618 1022 650 et
1049 610 1178 658 austri,

175 676 344 715 Distinet
372 683 541 725 aequato
570 676 722 713 caelum
751 674 974 714 discrimine
1002 683 1125 713 metas
1412 677 1488 723 690

173 740 335 788 Propter
363 737 530 788 signiferi
559 736 773 787 posituram
802 737 921 775 totius
950 737 1064 784 orbis,
1123 767 1131 769 -
1246 740 1247 743 ’

174 805 316 841 Annua
342 805 400 842 sol
428 803 468 840 in
497 815 575 853 quo
604 801 804 840 concludit
833 809 1012 851 tempora
1040 815 1210 851 serpens,

174 865 349 914 Obliquo
376 873 495 903 terras
524 872 563 903 et
590 865 742 903 caelum
771 864 917 902 lumine
946 865 1122 911 lustrans,

174 918 231 968 Ut
259 929 355 967 ratio
384 930 555 968 declarat
584 941 719 967 eorum
748 927 816 978 qui
843 929 931 966 loca
958 929 1054 966 caeli

176 994 320 1033 Omnia
347 993 546 1043 dispositis
575 992 693 1042 signis
722 1000 860 1031 ornata
888 1001 1084 1031 notarunt.
1413 995 1487 1042 695

176 1059 254 1094 Aut
283 1059 378 1107 quia
405 1057 568 1096 crassior
596 1064 653 1095 est
682 1057 795 1095 certis
824 1055 862 1093 in
893 1056 1065 1105 partibus
1094 1069 1167 1104 aer,

176 1122 257 1160 Sub
285 1122 394 1160 terris
422 1121 512 1159 ideo
541 1121 750 1158 tremulum
780 1119 891 1158 iubar
919 1119 1082 1158 haesitat
1111 1119 1210 1170 ignis
1226 1127 1270 1143 ’ἢ

177 1187 262 1224 Nec
290 1192 489 1235 penetrare
517 1192 647 1234 potest
675 1185 788 1222 facile
816 1191 935 1234 atque
964 1197 1159 1234 emergere
1187 1185 1238 1223 ad
1267 1194 1381 1222 ortus.

177 1252 386 1300 Propterea
413 1248 549 1288 noctes
577 1249 742 1287 hiberno
771 1256 947 1298 tempore
975 1251 1115 1299 longae
1369 1241 1374 1244 ¹

177 1316 353 1361 Cessant‚
383 1314 476 1352 dum
504 1314 635 1352 veniat
663 1313 853 1351 radiatum
882 1313 1032 1363 insigne
1061 1312 1148 1352 diei.
1421 1327 1491 1361 700

178 1380 255 1416 Aut
283 1377 412 1423 etiam,
443 1377 615 1426 quia'sic
643 1377 799 1415 alternis
828 1377 1000 1427 partibus
1029 1379 1121 1415 anni

177 1441 342 1480 Tardius
371 1448 409 1479 et
438 1440 550 1479 citius
579 1449 815 1479 consuerunt
843 1441 1038 1480 confluere
1067 1441 1175 1491 ignes

178 1505 258 1553 Qui
284 1504 431 1543 faciunt
460 1505 583 1542 solem
612 1511 716 1543 certa
743 1506 948 1555 desurgere
977 1514 1096 1555 parte,

179 1570 390 1618 Propterea
419 1569 461 1606 fit
491 1567 545 1606 uti
573 1567 777 1606 videantur
805 1568 933 1607 dicere
961 1581 1095 1607 verum

181 1632 266 1680 Qui
277 1632 432 1680 faciunt
457 1632 544 1669 solis
570 1638 712 1680 semper
738 1645 831 1670 nova
859 1633 1007 1670 lumina
1030 1634 1146 1682 gtgni.

232 1697 345 1734 Luna
371 1703 500 1745 potest
528 1695 618 1733 solis
647 1695 764 1734 radiis
793 1709 975 1745 percussa
1003 1696 1125 1736 nitere
1420 1709 1490 1746 705

178 1761 305 1808 Inque
334 1759 417 1797 dies
447 1759 568 1809 magis
597 1759 637 1797 id
665 1759 798 1797 lumen
827 1767 1050 1799 convertere
1080 1761 1192 1800 nobis

176 1822 241 1859 Ad
269 1821 450 1870 speciem,
481 1828 673 1870 quantum
702 1821 793 1860 solis
822 1823 969 1861 secedit
998 1825 1048 1861 ab
1077 1823 1173 1869 orbi,

115 1932 117 1934 Ι
179 1884 365 1934 Donique
393 1897 482 1922 eum
512 1892 648 1923 contra
676 1886 795 1934 pleno
824 1886 926 1924 bene
955 1885 1100 1925 lumine
1129 1886 1232 1925 fulsit

179 1951 309 1998 Atque
337 1947 464 1987 oriens
493 1947 624 1987 obitus
653 1949 735 1987 eius
764 1962 879 1998 super
906 1949 1011 1988 edita
1039 1950 1158 1999 vidit3

180 2012 280 2049 Inde
308 2010 526 2049 minutatim
556 2019 657 2049 retro
687 2013 796 2061 quasi
827 2012 996 2050 condere
1024 2013 1156 2051 lumen
1419 2026 1492 2062 710

179 2075 309 2113 Debet
337 2074 442 2121 item,
474 2083 622 2124 quanto
651 2075 811 2125 propius
841 2076 917 2113 iam
946 2076 1038 2114 solis
1066 2077 1118 2114 ad
1145 2076 1274 2126 ignem

179 2139 340 2177 Labitur
368 2151 415 2176 ex
443 2138 518 2176 alia
546 2139 742 2188 signorum
771 2147 879 2188 parte
910 2153 977 2189 per
1004 2140 1137 2178 orbem
1151 2156 1162 2189 5

179 2204 236 2242 Ut
265 2202 424 2249 faciunt,
455 2204 587 2240 lunam
617 2203 683 2252 qui
711 2204 861 2253 fingunt
889 2216 972 2241 esse
1001 2203 1093 2253 pilai
1145 2191 1160 2230 j
1191 2211 1194 2214 ’
