<?xml version="1.0" encoding="UTF-8"?>
<!DOCTYPE html PUBLIC "-//W3C//DTD XHTML 1.0 Transitional//EN"
    "http://www.w3.org/TR/xhtml1/DTD/xhtml1-transitional.dtd">
<html xmlns="http://www.w3.org/1999/xhtml" xml:lang="en" lang="en">
 <head>
  <title>
</title>
<meta http-equiv="Content-Type" content="text/html;charset=utf-8" />
  <meta name='ocr-system' content='tesseract 3.04.00' />
  <meta name='ocr-capabilities' content='ocr_page ocr_carea ocr_par ocr_line ocrx_word'/>
</head>
<body>
  <div class='ocr_page' id='page_1' title='image "./dererumnatural00lucruoft_0042.png"; bbox 0 0 1648 2452; ppageno 0'>
   <div class='ocr_carea' id='block_1_1' title="bbox 200 96 1178 135">
    <p class='ocr_par' dir='ltr' id='par_1_1' title="bbox 200 96 1178 135">
     <span class='ocr_line' id='line_1_1' title="bbox 200 96 1178 135; baseline 0.002 -3"><span class='ocrx_word' id='word_1_1' title='bbox 200 96 222 133; x_wconf 92' lang='lat'>8</span> <span class='ocrx_word' id='word_1_2' title='bbox 546 96 636 133; x_wconf 89' lang='lat' dir='ltr'>DE</span> <span class='ocrx_word' id='word_1_3' title='bbox 672 96 902 134; x_wconf 79' lang='lat' dir='ltr'><em>RERUM</em></span> <span class='ocrx_word' id='word_1_4' title='bbox 930 98 1178 135; x_wconf 74' lang='lat' dir='ltr'><em>NATURA</em></span> 
     </span>
    </p>
   </div>
   <div class='ocr_carea' id='block_1_2' title="bbox 146 181 1577 2295">
    <p class='ocr_par' dir='ltr' id='par_1_2' title="bbox 146 181 1577 1263">
     <span class='ocr_line' id='line_1_2' title="bbox 202 181 1171 230; baseline 0.004 -14"><span class='ocrx_word' id='word_1_5' title='bbox 202 181 405 219; x_wconf 86' lang='lat' dir='ltr'>Praeterea</span> <span class='ocrx_word' id='word_1_6' title='bbox 432 193 554 230; x_wconf 89' lang='lat' dir='ltr'>genus</span> <span class='ocrx_word' id='word_1_7' title='bbox 584 181 811 219; x_wconf 84' lang='lat' dir='ltr'>horriferum</span> <span class='ocrx_word' id='word_1_8' title='bbox 841 189 978 220; x_wconf 88' lang='lat' dir='ltr'>natura</span> <span class='ocrx_word' id='word_1_9' title='bbox 1005 183 1171 221; x_wconf 84' lang='lat' dir='ltr'>ferarum</span> 
     </span>
     <span class='ocr_line' id='line_1_3' title="bbox 202 243 1169 296; baseline 0.002 -14"><span class='ocrx_word' id='word_1_10' title='bbox 202 246 413 283; x_wconf 87' lang='lat' dir='ltr'>Humanae</span> <span class='ocrx_word' id='word_1_11' title='bbox 440 243 548 294; x_wconf 87' lang='lat' dir='ltr'>genti</span> <span class='ocrx_word' id='word_1_12' title='bbox 575 244 759 282; x_wconf 87' lang='lat' dir='ltr'>infestum</span> <span class='ocrx_word' id='word_1_13' title='bbox 788 251 966 295; x_wconf 85' lang='lat' dir='ltr'>terraque</span> <span class='ocrx_word' id='word_1_14' title='bbox 995 245 1169 296; x_wconf 86' lang='lat' dir='ltr'>marique</span> 
     </span>
     <span class='ocr_line' id='line_1_4' title="bbox 201 309 1524 360; baseline 0.002 -13"><span class='ocrx_word' id='word_1_15' title='bbox 201 310 281 348; x_wconf 89' lang='lat' dir='ltr'>Cur</span> <span class='ocrx_word' id='word_1_16' title='bbox 308 309 376 347; x_wconf 91' lang='lat' dir='ltr'>alit</span> <span class='ocrx_word' id='word_1_17' title='bbox 403 316 521 358; x_wconf 88' lang='lat' dir='ltr'>atque</span> <span class='ocrx_word' id='word_1_18' title='bbox 549 310 694 358; x_wconf 87' lang='lat' dir='ltr'>auget?</span> <span class='ocrx_word' id='word_1_19' title='bbox 731 322 799 347; x_wconf 92' lang='lat' dir='ltr'>cur</span> <span class='ocrx_word' id='word_1_20' title='bbox 827 310 920 348; x_wconf 83' lang='lat' dir='ltr'>anni</span> <span class='ocrx_word' id='word_1_21' title='bbox 949 318 1124 360; x_wconf 88' lang='lat' dir='ltr'>tempora</span> <span class='ocrx_word' id='word_1_22' title='bbox 1152 313 1310 350; x_wconf 89' lang='lat' dir='ltr'>morbos</span> <span class='ocrx_word' id='word_1_23' title='bbox 1450 325 1524 351; x_wconf 84' lang='lat'>220</span> 
     </span>
     <span class='ocr_line' id='line_1_5' title="bbox 201 372 1577 425; baseline 0.007 -14"><span class='ocrx_word' id='word_1_24' title='bbox 201 374 450 422; x_wconf 86' lang='lat' dir='ltr'>Adportant?</span> <span class='ocrx_word' id='word_1_25' title='bbox 487 386 606 423; x_wconf 90' lang='lat' dir='ltr'>quare</span> <span class='ocrx_word' id='word_1_26' title='bbox 634 386 740 413; x_wconf 91' lang='lat' dir='ltr'>mors</span> <span class='ocrx_word' id='word_1_27' title='bbox 769 374 964 413; x_wconf 87' lang='lat' dir='ltr'>inmatura</span> <span class='ocrx_word' id='word_1_28' title='bbox 991 379 1179 425; x_wconf 85' lang='lat' dir='ltr'>vagatur?</span> <span class='ocrx_word' id='word_1_29' title='bbox 1498 372 1577 419; x_wconf 54' lang='lat' dir='ltr'>‘a</span> 
     </span>
     <span class='ocr_line' id='line_1_6' title="bbox 146 411 1539 488; baseline 0.004 -13"><span class='ocrx_word' id='word_1_30' title='bbox 146 464 150 467; x_wconf 89' lang='lat'><em>-</em></span> <span class='ocrx_word' id='word_1_31' title='bbox 199 439 304 475; x_wconf 91' lang='lat' dir='ltr'>Tum</span> <span class='ocrx_word' id='word_1_32' title='bbox 334 450 450 487; x_wconf 92' lang='lat' dir='ltr'>porro</span> <span class='ocrx_word' id='word_1_33' title='bbox 478 450 586 487; x_wconf 90' lang='lat' dir='ltr'>puer,</span> <span class='ocrx_word' id='word_1_34' title='bbox 618 446 661 476; x_wconf 92' lang='lat' dir='ltr'>ut</span> <span class='ocrx_word' id='word_1_35' title='bbox 689 438 814 477; x_wconf 89' lang='lat' dir='ltr'>saevis</span> <span class='ocrx_word' id='word_1_36' title='bbox 843 439 1037 488; x_wconf 87' lang='lat' dir='ltr'>proiectus</span> <span class='ocrx_word' id='word_1_37' title='bbox 1065 441 1115 478; x_wconf 87' lang='lat' dir='ltr'>ab</span> <span class='ocrx_word' id='word_1_38' title='bbox 1143 441 1258 479; x_wconf 90' lang='lat' dir='ltr'>undis</span> <span class='ocrx_word' id='word_1_39' title='bbox 1410 411 1469 485; x_wconf 62' lang='lat'>⁴&lt;</span> <span class='ocrx_word' id='word_1_40' title='bbox 1522 428 1539 449; x_wconf 35' lang='lat' dir='ltr'>&#39;s</span> 
     </span>
     <span class='ocr_line' id='line_1_7' title="bbox 202 478 1490 554; baseline 0.002 -14"><span class='ocrx_word' id='word_1_41' title='bbox 202 502 354 551; x_wconf 85' lang='lat' dir='ltr'><strong>Navita,</strong></span> <span class='ocrx_word' id='word_1_42' title='bbox 388 504 516 542; x_wconf 90' lang='lat' dir='ltr'>nudus</span> <span class='ocrx_word' id='word_1_43' title='bbox 546 502 656 541; x_wconf 88' lang='lat' dir='ltr'>humi</span> <span class='ocrx_word' id='word_1_44' title='bbox 684 503 798 550; x_wconf 83' lang='lat' dir='ltr'>iacet,</span> <span class='ocrx_word' id='word_1_45' title='bbox 828 503 969 550; x_wconf 90' lang='lat' dir='ltr'>infans,</span> <span class='ocrx_word' id='word_1_46' title='bbox 998 503 1152 554; x_wconf 88' lang='lat' dir='ltr'>indigus</span> <span class='ocrx_word' id='word_1_47' title='bbox 1182 505 1289 543; x_wconf 90' lang='lat' dir='ltr'>omni</span> <span class='ocrx_word' id='word_1_48' title='bbox 1320 487 1370 531; x_wconf 48' lang='grc' dir='ltr'>’Δ</span> <span class='ocrx_word' id='word_1_49' title='bbox 1390 478 1426 506; x_wconf 57' lang='lat'>²5</span> <span class='ocrx_word' id='word_1_50' title='bbox 1454 524 1490 542; x_wconf 68' lang='lat' dir='ltr'><strong><em>s</em></strong></span> 
     </span>
     <span class='ocr_line' id='line_1_8' title="bbox 201 562 1459 617; baseline 0.001 -13"><span class='ocrx_word' id='word_1_51' title='bbox 201 566 320 605; x_wconf 88' lang='lat' dir='ltr'>Vitali</span> <span class='ocrx_word' id='word_1_52' title='bbox 348 566 501 615; x_wconf 84' lang='lat' dir='ltr'>auxilio,</span> <span class='ocrx_word' id='word_1_53' title='bbox 535 580 625 604; x_wconf 90' lang='lat' dir='ltr'>cum</span> <span class='ocrx_word' id='word_1_54' title='bbox 653 566 823 617; x_wconf 90' lang='lat' dir='ltr'>primum</span> <span class='ocrx_word' id='word_1_55' title='bbox 852 566 893 604; x_wconf 90' lang='lat' dir='ltr'>in</span> <span class='ocrx_word' id='word_1_56' title='bbox 920 566 1078 606; x_wconf 87' lang='lat' dir='ltr'>luminis</span> <span class='ocrx_word' id='word_1_57' title='bbox 1106 580 1192 606; x_wconf 88' lang='lat' dir='ltr'>oras</span> <span class='ocrx_word' id='word_1_58' title='bbox 1449 562 1459 575; x_wconf 41' lang='lat'>‘⁵</span> 
     </span>
     <span class='ocr_line' id='line_1_9' title="bbox 202 624 1523 682; baseline 0 -13"><span class='ocrx_word' id='word_1_59' title='bbox 202 631 369 669; x_wconf 78' lang='lat' dir='ltr'>Nixibus</span> <span class='ocrx_word' id='word_1_60' title='bbox 400 644 447 669; x_wconf 82' lang='lat' dir='ltr'>ex</span> <span class='ocrx_word' id='word_1_61' title='bbox 475 632 563 669; x_wconf 90' lang='lat' dir='ltr'>alvo</span> <span class='ocrx_word' id='word_1_62' title='bbox 592 630 726 669; x_wconf 88' lang='lat' dir='ltr'>matris</span> <span class='ocrx_word' id='word_1_63' title='bbox 755 638 893 669; x_wconf 88' lang='lat' dir='ltr'>natura</span> <span class='ocrx_word' id='word_1_64' title='bbox 921 630 1105 680; x_wconf 86' lang='lat' dir='ltr'>profudit,</span> <span class='ocrx_word' id='word_1_65' title='bbox 1391 624 1402 629; x_wconf 45' lang='lat'>⁵</span> <span class='ocrx_word' id='word_1_66' title='bbox 1451 644 1523 682; x_wconf 84' lang='lat'>225</span> 
     </span>
     <span class='ocr_line' id='line_1_10' title="bbox 202 694 1286 745; baseline 0.002 -13"><span class='ocrx_word' id='word_1_67' title='bbox 202 694 425 744; x_wconf 90' lang='lat' dir='ltr'>Vagituque</span> <span class='ocrx_word' id='word_1_68' title='bbox 452 696 584 733; x_wconf 93' lang='lat' dir='ltr'>locum</span> <span class='ocrx_word' id='word_1_69' title='bbox 611 694 764 745; x_wconf 88' lang='lat' dir='ltr'>lugubri</span> <span class='ocrx_word' id='word_1_70' title='bbox 793 695 976 744; x_wconf 83' lang='lat' dir='ltr'>complet,</span> <span class='ocrx_word' id='word_1_71' title='bbox 1008 702 1050 733; x_wconf 92' lang='lat' dir='ltr'>ut</span> <span class='ocrx_word' id='word_1_72' title='bbox 1079 704 1286 745; x_wconf 86' lang='lat' dir='ltr'>aequumst</span> 
     </span>
     <span class='ocr_line' id='line_1_11' title="bbox 202 759 1203 799; baseline 0.002 -2"><span class='ocrx_word' id='word_1_73' title='bbox 202 759 276 798; x_wconf 89' lang='lat' dir='ltr'>Cui</span> <span class='ocrx_word' id='word_1_74' title='bbox 304 766 456 798; x_wconf 88' lang='lat' dir='ltr'>tantum</span> <span class='ocrx_word' id='word_1_75' title='bbox 484 759 525 797; x_wconf 92' lang='lat' dir='ltr'>in</span> <span class='ocrx_word' id='word_1_76' title='bbox 554 759 634 797; x_wconf 86' lang='lat' dir='ltr'>vita</span> <span class='ocrx_word' id='word_1_77' title='bbox 661 767 780 798; x_wconf 88' lang='lat' dir='ltr'>restet</span> <span class='ocrx_word' id='word_1_78' title='bbox 809 759 970 797; x_wconf 88' lang='lat' dir='ltr'>transire</span> <span class='ocrx_word' id='word_1_79' title='bbox 1000 760 1203 799; x_wconf 90' lang='lat' dir='ltr'>malorum.</span> 
     </span>
     <span class='ocr_line' id='line_1_12' title="bbox 201 823 1237 875; baseline 0.002 -14"><span class='ocrx_word' id='word_1_80' title='bbox 201 825 255 862; x_wconf 95' lang='lat' dir='ltr'>At</span> <span class='ocrx_word' id='word_1_81' title='bbox 282 823 409 862; x_wconf 84' lang='lat' dir='ltr'>variae</span> <span class='ocrx_word' id='word_1_82' title='bbox 438 831 618 862; x_wconf 91' lang='lat' dir='ltr'>crescunt</span> <span class='ocrx_word' id='word_1_83' title='bbox 646 825 821 874; x_wconf 91' lang='lat' dir='ltr'>pecudes</span> <span class='ocrx_word' id='word_1_84' title='bbox 849 832 1026 863; x_wconf 88' lang='lat' dir='ltr'>armenta</span> <span class='ocrx_word' id='word_1_85' title='bbox 1055 825 1237 875; x_wconf 87' lang='lat' dir='ltr'>seraeque</span> 
     </span>
     <span class='ocr_line' id='line_1_13' title="bbox 203 889 1383 941; baseline 0 -13"><span class='ocrx_word' id='word_1_86' title='bbox 203 892 289 928; x_wconf 89' lang='lat' dir='ltr'>Nec</span> <span class='ocrx_word' id='word_1_87' title='bbox 318 889 562 941; x_wconf 84' lang='lat' dir='ltr'>crepitacillis</span> <span class='ocrx_word' id='word_1_88' title='bbox 591 902 691 938; x_wconf 92' lang='lat' dir='ltr'>opus</span> <span class='ocrx_word' id='word_1_89' title='bbox 720 897 778 928; x_wconf 85' lang='lat' dir='ltr'>est</span> <span class='ocrx_word' id='word_1_90' title='bbox 807 902 881 927; x_wconf 91' lang='lat' dir='ltr'>nec</span> <span class='ocrx_word' id='word_1_91' title='bbox 909 889 1092 939; x_wconf 86' lang='lat' dir='ltr'>cuiquam</span> <span class='ocrx_word' id='word_1_92' title='bbox 1121 890 1383 929; x_wconf 81' lang='lat' dir='ltr'>adhibendast</span> 
     </span>
     <span class='ocr_line' id='line_1_14' title="bbox 202 952 1241 1003; baseline -0.002 -11"><span class='ocrx_word' id='word_1_93' title='bbox 202 955 342 992; x_wconf 87' lang='lat' dir='ltr'>Almae</span> <span class='ocrx_word' id='word_1_94' title='bbox 370 952 528 991; x_wconf 89' lang='lat' dir='ltr'>nutricis</span> <span class='ocrx_word' id='word_1_95' title='bbox 558 953 703 992; x_wconf 86' lang='lat' dir='ltr'>blanda</span> <span class='ocrx_word' id='word_1_96' title='bbox 731 962 848 1003; x_wconf 86' lang='lat' dir='ltr'>atque</span> <span class='ocrx_word' id='word_1_97' title='bbox 878 953 1041 991; x_wconf 88' lang='lat' dir='ltr'>infracta</span> <span class='ocrx_word' id='word_1_98' title='bbox 1070 954 1241 1003; x_wconf 86' lang='lat' dir='ltr'>loquella</span> 
     </span>
     <span class='ocr_line' id='line_1_15' title="bbox 203 1018 1262 1069; baseline -0.002 -11"><span class='ocrx_word' id='word_1_99' title='bbox 203 1021 290 1058; x_wconf 88' lang='lat' dir='ltr'>Nec</span> <span class='ocrx_word' id='word_1_100' title='bbox 317 1018 440 1057; x_wconf 89' lang='lat' dir='ltr'>varias</span> <span class='ocrx_word' id='word_1_101' title='bbox 469 1027 662 1069; x_wconf 88' lang='lat' dir='ltr'>quaerunt</span> <span class='ocrx_word' id='word_1_102' title='bbox 690 1027 816 1058; x_wconf 92' lang='lat' dir='ltr'>vestes</span> <span class='ocrx_word' id='word_1_103' title='bbox 847 1032 917 1069; x_wconf 91' lang='lat' dir='ltr'>pro</span> <span class='ocrx_word' id='word_1_104' title='bbox 946 1027 1125 1068; x_wconf 89' lang='lat' dir='ltr'>tempore</span> <span class='ocrx_word' id='word_1_105' title='bbox 1153 1019 1262 1066; x_wconf 90' lang='lat' dir='ltr'>caeli,</span> 
     </span>
     <span class='ocr_line' id='line_1_16' title="bbox 204 1083 1345 1134; baseline -0.002 -10"><span class='ocrx_word' id='word_1_106' title='bbox 204 1084 387 1134; x_wconf 89' lang='lat' dir='ltr'>Denique</span> <span class='ocrx_word' id='word_1_107' title='bbox 416 1097 495 1123; x_wconf 91' lang='lat' dir='ltr'>non</span> <span class='ocrx_word' id='word_1_108' title='bbox 527 1084 642 1122; x_wconf 90' lang='lat' dir='ltr'>armis</span> <span class='ocrx_word' id='word_1_109' title='bbox 672 1098 773 1134; x_wconf 95' lang='lat' dir='ltr'>opus</span> <span class='ocrx_word' id='word_1_110' title='bbox 803 1092 873 1131; x_wconf 89' lang='lat' dir='ltr'>est,</span> <span class='ocrx_word' id='word_1_111' title='bbox 904 1098 983 1123; x_wconf 93' lang='lat' dir='ltr'>non</span> <span class='ocrx_word' id='word_1_112' title='bbox 1013 1083 1219 1123; x_wconf 89' lang='lat' dir='ltr'>moenibus</span> <span class='ocrx_word' id='word_1_113' title='bbox 1248 1084 1345 1130; x_wconf 91' lang='lat' dir='ltr'>altis,</span> 
     </span>
     <span class='ocr_line' id='line_1_17' title="bbox 204 1148 1292 1199; baseline 0 -12"><span class='ocrx_word' id='word_1_114' title='bbox 204 1149 283 1199; x_wconf 88' lang='lat' dir='ltr'>Qui</span> <span class='ocrx_word' id='word_1_115' title='bbox 312 1163 382 1188; x_wconf 87' lang='lat' dir='ltr'>sua</span> <span class='ocrx_word' id='word_1_116' title='bbox 410 1156 594 1195; x_wconf 88' lang='lat' dir='ltr'>tutentur,</span> <span class='ocrx_word' id='word_1_117' title='bbox 625 1149 786 1198; x_wconf 89' lang='lat' dir='ltr'>quando</span> <span class='ocrx_word' id='word_1_118' title='bbox 816 1150 999 1187; x_wconf 91' lang='lat' dir='ltr'>omnibus</span> <span class='ocrx_word' id='word_1_119' title='bbox 1028 1148 1162 1186; x_wconf 89' lang='lat' dir='ltr'>omnia</span> <span class='ocrx_word' id='word_1_120' title='bbox 1190 1149 1292 1198; x_wconf 85' lang='lat' dir='ltr'>large</span> 
     </span>
     <span class='ocr_line' id='line_1_18' title="bbox 202 1212 1186 1281; baseline -0.003 -29"><span class='ocrx_word' id='word_1_121' title='bbox 202 1215 336 1252; x_wconf 83' lang='lat' dir='ltr'>Tellus</span> <span class='ocrx_word' id='word_1_122' title='bbox 364 1214 450 1263; x_wconf 86' lang='lat' dir='ltr'>ipsa</span> <span class='ocrx_word' id='word_1_123' title='bbox 478 1212 580 1263; x_wconf 85' lang='lat' dir='ltr'>parit</span> <span class='ocrx_word' id='word_1_124' title='bbox 608 1220 824 1262; x_wconf 86' lang='lat' dir='ltr'>naturaque</span> <span class='ocrx_word' id='word_1_125' title='bbox 853 1213 1020 1250; x_wconf 88' lang='lat' dir='ltr'>daedala</span> <span class='ocrx_word' id='word_1_126' title='bbox 1048 1225 1186 1281; x_wconf 63' lang='lat' dir='ltr'>Lemm-</span> 
     </span>
    </p>

    <p class='ocr_par' dir='ltr' id='par_1_3' title="bbox 203 1256 1526 2037">
     <span class='ocr_line' id='line_1_19' title="bbox 257 1256 1525 1329; baseline -0.002 -12"><span class='ocrx_word' id='word_1_127' title='bbox 257 1278 452 1329; x_wconf 90' lang='lat' dir='ltr'>Principio</span> <span class='ocrx_word' id='word_1_128' title='bbox 483 1277 668 1328; x_wconf 73' lang='lat' dir='ltr'>quoniam</span> <span class='ocrx_word' id='word_1_129' title='bbox 698 1277 810 1316; x_wconf 84' lang='lat' dir='ltr'>terrai</span> <span class='ocrx_word' id='word_1_130' title='bbox 839 1273 979 1326; x_wconf 84' lang='lat' dir='ltr'>corpus</span> <span class='ocrx_word' id='word_1_131' title='bbox 1009 1285 1047 1315; x_wconf 89' lang='lat' dir='ltr'>et</span> <span class='ocrx_word' id='word_1_132' title='bbox 1065 1256 1245 1315; x_wconf 41' lang='lat' dir='ltr'>umor*</span> <span class='ocrx_word' id='word_1_133' title='bbox 1453 1291 1525 1327; x_wconf 80' lang='lat'>²35</span> 
     </span>
     <span class='ocr_line' id='line_1_20' title="bbox 204 1339 1217 1391; baseline -0.002 -11"><span class='ocrx_word' id='word_1_134' title='bbox 204 1344 473 1391; x_wconf 88' lang='lat' dir='ltr'>Aurarumque</span> <span class='ocrx_word' id='word_1_135' title='bbox 501 1342 606 1379; x_wconf 89' lang='lat' dir='ltr'>leves</span> <span class='ocrx_word' id='word_1_136' title='bbox 636 1340 788 1378; x_wconf 85' lang='lat' dir='ltr'>animae</span> <span class='ocrx_word' id='word_1_137' title='bbox 817 1339 1014 1389; x_wconf 87' lang='lat' dir='ltr'>calidique</span> <span class='ocrx_word' id='word_1_138' title='bbox 1040 1352 1217 1389; x_wconf 84' lang='lat' dir='ltr'>vapores,</span> 
     </span>
     <span class='ocr_line' id='line_1_21' title="bbox 205 1403 1300 1456; baseline -0.004 -11"><span class='ocrx_word' id='word_1_139' title='bbox 205 1408 239 1445; x_wconf 93' lang='lat' dir='ltr'>E</span> <span class='ocrx_word' id='word_1_140' title='bbox 268 1406 408 1456; x_wconf 89' lang='lat' dir='ltr'>quibus</span> <span class='ocrx_word' id='word_1_141' title='bbox 435 1406 532 1444; x_wconf 87' lang='lat' dir='ltr'>haec</span> <span class='ocrx_word' id='word_1_142' title='bbox 560 1417 688 1443; x_wconf 90' lang='lat' dir='ltr'>rerum</span> <span class='ocrx_word' id='word_1_143' title='bbox 717 1404 929 1443; x_wconf 89' lang='lat' dir='ltr'>consistere</span> <span class='ocrx_word' id='word_1_144' title='bbox 958 1416 1111 1442; x_wconf 86' lang='lat' dir='ltr'>summa</span> <span class='ocrx_word' id='word_1_145' title='bbox 1139 1403 1300 1447; x_wconf 88' lang='lat' dir='ltr'>videtur,</span> 
     </span>
     <span class='ocr_line' id='line_1_22' title="bbox 205 1469 1180 1519; baseline -0.004 -9"><span class='ocrx_word' id='word_1_146' title='bbox 205 1471 349 1511; x_wconf 89' lang='lat' dir='ltr'>Omnia</span> <span class='ocrx_word' id='word_1_147' title='bbox 377 1469 509 1509; x_wconf 88' lang='lat' dir='ltr'>nativo</span> <span class='ocrx_word' id='word_1_148' title='bbox 537 1483 584 1508; x_wconf 86' lang='lat' dir='ltr'>ac</span> <span class='ocrx_word' id='word_1_149' title='bbox 613 1470 766 1508; x_wconf 86' lang='lat' dir='ltr'>mortali</span> <span class='ocrx_word' id='word_1_150' title='bbox 795 1482 957 1519; x_wconf 92' lang='lat' dir='ltr'>corpore</span> <span class='ocrx_word' id='word_1_151' title='bbox 987 1476 1180 1516; x_wconf 86' lang='lat' dir='ltr'>constant,</span> 
     </span>
     <span class='ocr_line' id='line_1_23' title="bbox 206 1533 1451 1584; baseline -0.004 -9"><span class='ocrx_word' id='word_1_152' title='bbox 206 1538 338 1575; x_wconf 91' lang='lat' dir='ltr'>Debet</span> <span class='ocrx_word' id='word_1_153' title='bbox 366 1536 508 1574; x_wconf 89' lang='lat' dir='ltr'>eodem</span> <span class='ocrx_word' id='word_1_154' title='bbox 537 1535 663 1574; x_wconf 90' lang='lat' dir='ltr'>omnis</span> <span class='ocrx_word' id='word_1_155' title='bbox 693 1534 831 1573; x_wconf 89' lang='lat' dir='ltr'>mundi</span> <span class='ocrx_word' id='word_1_156' title='bbox 859 1542 998 1572; x_wconf 89' lang='lat' dir='ltr'>natura</span> <span class='ocrx_word' id='word_1_157' title='bbox 1023 1533 1158 1584; x_wconf 86' lang='lat' dir='ltr'>putari.</span> <span class='ocrx_word' id='word_1_158' title='bbox 1411 1571 1416 1575; x_wconf 76' lang='grc'><strong>,</strong></span> <span class='ocrx_word' id='word_1_159' title='bbox 1441 1572 1451 1582; x_wconf 59' lang='lat'>‚</span> 
     </span>
     <span class='ocr_line' id='line_1_24' title="bbox 205 1589 1526 1650; baseline -0.004 -12"><span class='ocrx_word' id='word_1_160' title='bbox 205 1599 363 1650; x_wconf 91' lang='lat' dir='ltr'>Quippe</span> <span class='ocrx_word' id='word_1_161' title='bbox 391 1597 535 1637; x_wconf 88' lang='lat' dir='ltr'>etenim</span> <span class='ocrx_word' id='word_1_162' title='bbox 565 1611 730 1648; x_wconf 88' lang='lat' dir='ltr'>quorum</span> <span class='ocrx_word' id='word_1_163' title='bbox 760 1606 888 1648; x_wconf 89' lang='lat' dir='ltr'>partes</span> <span class='ocrx_word' id='word_1_164' title='bbox 917 1605 955 1636; x_wconf 93' lang='lat' dir='ltr'>et</span> <span class='ocrx_word' id='word_1_165' title='bbox 984 1598 1160 1635; x_wconf 90' lang='lat' dir='ltr'>membra</span> <span class='ocrx_word' id='word_1_166' title='bbox 1187 1596 1370 1638; x_wconf 63' lang='lat' dir='ltr'>videmus&gt;</span> <span class='ocrx_word' id='word_1_167' title='bbox 1393 1589 1399 1597; x_wconf 56' lang='lat'><strong>⁴</strong></span> <span class='ocrx_word' id='word_1_168' title='bbox 1452 1609 1526 1642; x_wconf 84' lang='lat'>240</span> 
     </span>
     <span class='ocr_line' id='line_1_25' title="bbox 205 1661 1153 1714; baseline -0.005 -11"><span class='ocrx_word' id='word_1_169' title='bbox 205 1666 379 1714; x_wconf 89' lang='lat' dir='ltr'>Corpore</span> <span class='ocrx_word' id='word_1_170' title='bbox 407 1662 539 1701; x_wconf 88' lang='lat' dir='ltr'>nativo</span> <span class='ocrx_word' id='word_1_171' title='bbox 567 1675 614 1701; x_wconf 90' lang='lat' dir='ltr'>ac</span> <span class='ocrx_word' id='word_1_172' title='bbox 641 1662 870 1701; x_wconf 86' lang='lat' dir='ltr'>mortalibus</span> <span class='ocrx_word' id='word_1_173' title='bbox 899 1674 984 1700; x_wconf 87' lang='lat' dir='ltr'>esse</span> <span class='ocrx_word' id='word_1_174' title='bbox 1011 1661 1153 1710; x_wconf 87' lang='lat' dir='ltr'>figuris,</span> 
     </span>
     <span class='ocr_line' id='line_1_26' title="bbox 206 1726 1185 1767; baseline -0.003 0"><span class='ocrx_word' id='word_1_175' title='bbox 206 1731 322 1767; x_wconf 90' lang='lat' dir='ltr'>Haec</span> <span class='ocrx_word' id='word_1_176' title='bbox 350 1729 489 1767; x_wconf 88' lang='lat' dir='ltr'>eadem</span> <span class='ocrx_word' id='word_1_177' title='bbox 517 1729 639 1766; x_wconf 88' lang='lat' dir='ltr'>ferme</span> <span class='ocrx_word' id='word_1_178' title='bbox 667 1728 847 1766; x_wconf 83' lang='lat' dir='ltr'>mortalia</span> <span class='ocrx_word' id='word_1_179' title='bbox 874 1726 1071 1765; x_wconf 85' lang='lat' dir='ltr'>cernimus</span> <span class='ocrx_word' id='word_1_180' title='bbox 1100 1739 1185 1765; x_wconf 91' lang='lat' dir='ltr'>esse</span> 
     </span>
     <span class='ocr_line' id='line_1_27' title="bbox 207 1790 1240 1843; baseline -0.002 -11"><span class='ocrx_word' id='word_1_181' title='bbox 207 1796 256 1832; x_wconf 87' lang='lat' dir='ltr'>Et</span> <span class='ocrx_word' id='word_1_182' title='bbox 283 1792 414 1832; x_wconf 85' lang='lat' dir='ltr'>nativa</span> <span class='ocrx_word' id='word_1_183' title='bbox 441 1792 566 1831; x_wconf 87' lang='lat' dir='ltr'>simul.</span> <span class='ocrx_word' id='word_1_184' title='bbox 625 1792 876 1843; x_wconf 89' lang='lat' dir='ltr'>Quapropter</span> <span class='ocrx_word' id='word_1_185' title='bbox 904 1791 1076 1830; x_wconf 84' lang='lat' dir='ltr'>maxima</span> <span class='ocrx_word' id='word_1_186' title='bbox 1104 1790 1240 1830; x_wconf 88' lang='lat' dir='ltr'>mundi</span> 
     </span>
     <span class='ocr_line' id='line_1_28' title="bbox 203 1855 1371 1907; baseline -0.003 -9"><span class='ocrx_word' id='word_1_187' title='bbox 203 1860 306 1899; x_wconf 89' lang='lat' dir='ltr'>Cum</span> <span class='ocrx_word' id='word_1_188' title='bbox 334 1858 488 1897; x_wconf 86' lang='lat' dir='ltr'>videam</span> <span class='ocrx_word' id='word_1_189' title='bbox 517 1858 693 1896; x_wconf 88' lang='lat' dir='ltr'>membra</span> <span class='ocrx_word' id='word_1_190' title='bbox 721 1870 766 1896; x_wconf 89' lang='lat' dir='ltr'>ac</span> <span class='ocrx_word' id='word_1_191' title='bbox 794 1864 923 1907; x_wconf 89' lang='lat' dir='ltr'>partes</span> <span class='ocrx_word' id='word_1_192' title='bbox 951 1864 1187 1905; x_wconf 87' lang='lat' dir='ltr'>consumpta</span> <span class='ocrx_word' id='word_1_193' title='bbox 1214 1855 1371 1907; x_wconf 86' lang='lat' dir='ltr'>regigni,</span> 
     </span>
     <span class='ocr_line' id='line_1_29' title="bbox 204 1921 1523 1972; baseline -0.002 -10"><span class='ocrx_word' id='word_1_194' title='bbox 204 1924 309 1963; x_wconf 86' lang='lat' dir='ltr'>Scire</span> <span class='ocrx_word' id='word_1_195' title='bbox 335 1922 427 1961; x_wconf 92' lang='lat' dir='ltr'>licet</span> <span class='ocrx_word' id='word_1_196' title='bbox 454 1923 552 1961; x_wconf 89' lang='lat' dir='ltr'>caeli</span> <span class='ocrx_word' id='word_1_197' title='bbox 580 1929 740 1972; x_wconf 88' lang='lat' dir='ltr'>quoque</span> <span class='ocrx_word' id='word_1_198' title='bbox 768 1922 863 1960; x_wconf 88' lang='lat' dir='ltr'>item</span> <span class='ocrx_word' id='word_1_199' title='bbox 892 1930 1095 1972; x_wconf 89' lang='lat' dir='ltr'>terraeque</span> <span class='ocrx_word' id='word_1_200' title='bbox 1123 1921 1241 1960; x_wconf 89' lang='lat' dir='ltr'>fuisse</span> <span class='ocrx_word' id='word_1_201' title='bbox 1451 1935 1496 1969; x_wconf 75' lang='lat'>24</span> <span class='ocrx_word' id='word_1_202' title='bbox 1504 1935 1523 1972; x_wconf 86' lang='lat'><strong>5</strong></span> 
     </span>
     <span class='ocr_line' id='line_1_30' title="bbox 207 1986 1278 2037; baseline -0.002 -11"><span class='ocrx_word' id='word_1_203' title='bbox 207 1986 438 2037; x_wconf 86' lang='lat' dir='ltr'>Principiale</span> <span class='ocrx_word' id='word_1_204' title='bbox 467 1986 628 2036; x_wconf 87' lang='lat' dir='ltr'>aliquod</span> <span class='ocrx_word' id='word_1_205' title='bbox 658 1993 812 2037; x_wconf 90' lang='lat' dir='ltr'>tempus</span> <span class='ocrx_word' id='word_1_206' title='bbox 840 1987 1073 2036; x_wconf 89' lang='lat' dir='ltr'>clademque</span> <span class='ocrx_word' id='word_1_207' title='bbox 1101 1987 1278 2024; x_wconf 85' lang='lat' dir='ltr'>futuram.</span> 
     </span>
    </p>

    <p class='ocr_par' dir='ltr' id='par_1_4' title="bbox 206 2050 1526 2295">
     <span class='ocr_line' id='line_1_31' title="bbox 258 2050 1144 2101; baseline -0.001 -12"><span class='ocrx_word' id='word_1_208' title='bbox 258 2052 363 2090; x_wconf 86' lang='lat' dir='ltr'>Illud</span> <span class='ocrx_word' id='word_1_209' title='bbox 391 2051 431 2089; x_wconf 90' lang='lat' dir='ltr'>in</span> <span class='ocrx_word' id='word_1_210' title='bbox 459 2051 517 2089; x_wconf 90' lang='lat' dir='ltr'>his</span> <span class='ocrx_word' id='word_1_211' title='bbox 545 2051 661 2089; x_wconf 89' lang='lat' dir='ltr'>rebus</span> <span class='ocrx_word' id='word_1_212' title='bbox 690 2063 740 2088; x_wconf 91' lang='lat' dir='ltr'>ne</span> <span class='ocrx_word' id='word_1_213' title='bbox 768 2050 1000 2101; x_wconf 86' lang='lat' dir='ltr'>corripuisse</span> <span class='ocrx_word' id='word_1_214' title='bbox 1027 2050 1144 2089; x_wconf 90' lang='lat' dir='ltr'>rearis</span> 
     </span>
     <span class='ocr_line' id='line_1_32' title="bbox 207 2112 1407 2165; baseline -0.003 -10"><span class='ocrx_word' id='word_1_215' title='bbox 207 2118 276 2155; x_wconf 92' lang='lat' dir='ltr'>Me</span> <span class='ocrx_word' id='word_1_216' title='bbox 304 2114 410 2163; x_wconf 89' lang='lat' dir='ltr'>mihi,</span> <span class='ocrx_word' id='word_1_217' title='bbox 440 2115 550 2165; x_wconf 91' lang='lat' dir='ltr'>quod</span> <span class='ocrx_word' id='word_1_218' title='bbox 576 2122 717 2153; x_wconf 85' lang='lat' dir='ltr'>terram</span> <span class='ocrx_word' id='word_1_219' title='bbox 746 2122 864 2164; x_wconf 87' lang='lat' dir='ltr'>atque</span> <span class='ocrx_word' id='word_1_220' title='bbox 891 2114 1023 2164; x_wconf 85' lang='lat' dir='ltr'>ignem</span> <span class='ocrx_word' id='word_1_221' title='bbox 1050 2112 1231 2152; x_wconf 86' lang='lat' dir='ltr'>mortalia</span> <span class='ocrx_word' id='word_1_222' title='bbox 1257 2113 1407 2163; x_wconf 88' lang='lat' dir='ltr'>sumpsi</span> 
     </span>
     <span class='ocr_line' id='line_1_33' title="bbox 206 2177 1244 2228; baseline -0.003 -9"><span class='ocrx_word' id='word_1_223' title='bbox 206 2182 303 2219; x_wconf 90' lang='lat' dir='ltr'>Esse</span> <span class='ocrx_word' id='word_1_224' title='bbox 332 2191 462 2228; x_wconf 92' lang='lat' dir='ltr'>neque</span> <span class='ocrx_word' id='word_1_225' title='bbox 488 2191 666 2218; x_wconf 89' lang='lat' dir='ltr'>umorem</span> <span class='ocrx_word' id='word_1_226' title='bbox 695 2177 871 2218; x_wconf 87' lang='lat' dir='ltr'>dubitavi</span> <span class='ocrx_word' id='word_1_227' title='bbox 899 2191 1091 2228; x_wconf 88' lang='lat' dir='ltr'>aurasque</span> <span class='ocrx_word' id='word_1_228' title='bbox 1118 2177 1244 2227; x_wconf 85' lang='lat' dir='ltr'>perire</span> 
     </span>
     <span class='ocr_line' id='line_1_34' title="bbox 206 2241 1526 2295; baseline -0.002 -12"><span class='ocrx_word' id='word_1_229' title='bbox 206 2247 335 2295; x_wconf 91' lang='lat' dir='ltr'>Atque</span> <span class='ocrx_word' id='word_1_230' title='bbox 364 2244 502 2282; x_wconf 90' lang='lat' dir='ltr'>eadem</span> <span class='ocrx_word' id='word_1_231' title='bbox 530 2242 635 2293; x_wconf 87' lang='lat' dir='ltr'>gigni</span> <span class='ocrx_word' id='word_1_232' title='bbox 662 2254 870 2291; x_wconf 90' lang='lat' dir='ltr'>rursusque</span> <span class='ocrx_word' id='word_1_233' title='bbox 897 2254 1106 2292; x_wconf 83' lang='lat' dir='ltr'>augescere</span> <span class='ocrx_word' id='word_1_234' title='bbox 1135 2241 1224 2287; x_wconf 85' lang='lat' dir='ltr'>dixi,</span> <span class='ocrx_word' id='word_1_235' title='bbox 1452 2253 1526 2292; x_wconf 87' lang='lat'>250</span> 
     </span>
    </p>
   </div>
   <div class='ocr_carea' id='block_1_3' title="bbox 1452 967 1497 1001">
    <p class='ocr_par' dir='ltr' id='par_1_5' title="bbox 1452 967 1497 1001">
     <span class='ocr_line' id='line_1_35' title="bbox 1452 967 1469 990; textangle 90"><span class='ocrx_word' id='word_1_236' title='bbox 1452 967 1469 990; x_wconf 71' lang='grc' dir='ltr'><strong>ω</strong></span> 
     </span>
     <span class='ocr_line' id='line_1_36' title="bbox 1478 967 1497 1001; textangle 90"><span class='ocrx_word' id='word_1_237' title='bbox 1478 967 1497 1001; x_wconf 57' lang='lat' dir='ltr'>&lt;aa</span> 
     </span>
    </p>
   </div>
  </div>
 </body>
</html>
