1648 2452
180 81 230 114 44
525 70 614 106 DE
650 71 772 107 RER
782 71 876 108 UM
906 72 989 108 NA
1000 72 1154 108 YURA

180 152 309 200 Quam
338 164 425 191 reor
452 152 599 190 invidia
627 152 694 191 tali
723 160 817 191 tunc
845 166 930 192 esse
958 161 1163 202 repertam,

180 215 238 254 Ut
265 216 386 254 letum
415 215 566 255 insidiis
595 216 661 266 qui
690 216 808 266 gessit
837 216 984 266 primus
1014 217 1152 264 obiret,

180 281 230 317 Et
258 286 392 318 tamen
420 280 520 318 inter
547 293 616 319 eos
645 280 870 319 distractam
902 281 1090 330 sanguine
1119 282 1243 320 multo

179 343 410 393 Disperiisse
439 357 566 393 neque
595 344 635 382 in
663 346 829 383 fructum
858 353 1083 383 convertere
1111 333 1250 394 quisse.

177 410 292 458 Tunc
320 408 434 463 igitur
461 410 593 458 pelles,
625 422 730 448 nunc
758 423 893 448 aurum
923 400 1160 460 et'purpura
1189 411 1288 448 curis

180 473 370 511 Exercent
400 473 605 512 hominum
632 474 753 512 vitam
784 476 967 524 belloque
996 474 1183 524 fatigant3

179 538 270 586 Quo
299 537 421 587 magis
448 537 489 576 in
518 538 645 585 nobis,
675 546 718 576 ut
747 539 897 587 opinor,
929 539 1047 587 culpa
1075 539 1227 576 resedit.

179 601 312 651 Frigus
341 601 444 641 enim
474 602 601 640 nudos
631 601 715 640 sine
744 603 911 651 pellibus
940 602 1187 640 excruciabat

176 659 430 716 Terrigenas3
467 674 506 705 at
536 680 608 705 nos
636 667 691 704 nil
720 667 840 705 laedit
870 674 976 705 veste
1006 679 1134 705 carere

178 734 376 782 Purpurea
403 740 520 782 atque
550 745 644 770 auro
673 732 871 782 signisque
900 732 1123 782 ingentibus
1153 741 1256 782 apta,

178 797 284 833 Dum
314 796 469 846 plebeia
497 804 630 834 tamen
658 795 707 834 sit
735 809 837 845 quae
865 797 1075 835 defendere
1104 796 1239 845 possit.

177 862 281 910 Ergo
309 860 512 899 hominum
542 874 663 911 genus
693 861 888 899 incassum
917 862 1134 910 frustraque
1163 861 1314 898 laborat

175 926 337 975 Semper
365 934 403 964 et
430 925 471 963 in
499 926 599 964 curis
628 926 823 965 consumit
852 926 1030 964 inanibus
1060 938 1212 971 aevum,

177 989 369 1028 Nimirum
399 990 490 1040 quia
518 1004 597 1029 non
627 991 811 1040 cognovit
840 1004 941 1040 quae
970 989 1018 1028 sit
1047 990 1218 1028 habendi

178 1054 284 1093 Finis
312 1063 350 1094 et
379 1056 542 1094 omnino
571 1057 700 1105 quoad
731 1064 879 1094 crescat
908 1068 997 1094 vera
1025 1056 1215 1104 voluptas.

178 1120 305 1169 quue
334 1119 555 1159 minutatim
583 1119 705 1158 vitam
735 1119 912 1169 provexit
939 1119 979 1157 in
1008 1120 1129 1157 altum
1180 1109 1183 1111 ’

177 1185 228 1222 Et
256 1185 348 1223 belli
378 1198 542 1235 magnos
571 1186 786 1224 commovit
815 1184 993 1223 funditus
1021 1191 1161 1222 aestus.

230 1252 283 1288 At
310 1248 443 1300 vigiles
473 1250 612 1288 mundi
639 1263 824 1299 magnum
858 1263 905 1287 ac
933 1248 1110 1287 versatile
1140 1249 1328 1297 templum

176 1314 242 1350 Sol
271 1320 310 1351 et
338 1314 431 1351 luna
459 1326 530 1351 suo
560 1314 768 1351 lustrantes
797 1313 945 1350 lumine
973 1311 1119 1349 circum

176 1377 420 1415 Perdocuere
449 1376 628 1416 homines
657 1390 850 1415 annorum
881 1384 1058 1425 tempora
1086 1374 1182 1413 verti

176 1442 227 1478 Et
257 1448 362 1478 certa
390 1440 541 1479 ratione
569 1441 649 1490 geri
678 1454 758 1479 rem
788 1448 906 1490 atque
936 1439 1073 1478 ordine
1101 1445 1221 1477 certo.

232 1506 317 1542 Iam
344 1504 483 1542 validis
513 1504 636 1554 saepti
665 1504 860 1553 degebant
890 1501 1056 1540 turribus
1085 1514 1224 1540 aevum

177 1569 228 1606 Et
256 1567 380 1606 divisa
408 1568 609 1606 colebatur
636 1566 883 1616 discretaque
911 1566 1035 1610 tellus,

178 1633 399 1669 Ianirnare
428 1631 603 1669 vehvohs
631 1631 792 1668 florebat
825 1628 1052 1678 puppibus3
1086 1628 1199 1666 urbes

176 1696 331 1734 Auxilia
363 1709 409 1733 ac
442 1696 570 1734 socios
604 1695 681 1733 iam
715 1702 832 1744 pacto
866 1694 1024 1732 foedere
1058 1693 1270 1739 habebant,

178 1761 427 1801 Carminibus
461 1774 549 1798 cum
583 1773 642 1798 res
675 1769 803 1809 gestas
837 1771 1003 1808 coepere
1036 1765 1176 1806 poetae

176 1827 374 1873 Tradere3
412 1838 486 1864 nec
518 1826 642 1864 multo
674 1824 769 1874 priu'
804 1831 894 1862 sunt
927 1823 1123 1862 elementa
1156 1829 1318 1871 reperta.

178 1892 388 1940 Propterea
421 1890 515 1939 quid
549 1888 596 1928 sit
630 1890 734 1938 prius
768 1895 897 1926 actum
931 1886 1122 1936 respicere
1155 1893 1261 1923 aetas

179 1957 323 1994 Nostra
355 1955 501 2004 nequit,
537 1953 610 1993 nisi
644 1967 721 2003 qua
753 1954 851 1991 ratio
885 1951 1046 2001 vestigia
1079 1956 1281 1989 monstrat.

232 2019 398 2069 Navigia
426 2027 544 2069 atque
573 2018 654 2069 agri
682 2019 851 2057 culturas
879 2015 1037 2055 moenia
1065 2016 1170 2064 leges

178 2084 297 2120 Arma
325 2083 405 2120 vias
433 2090 560 2121 vestes
588 2089 626 2121 et
656 2089 784 2120 cetera
811 2081 861 2119 de
889 2092 1030 2130 genere
1059 2079 1208 2123 horum,

182 2146 368 2192 Praemia,
398 2145 558 2185 delicias
586 2158 746 2195 quoque
775 2145 878 2183 vitae
905 2142 1078 2181 funditus
1107 2153 1256 2186 omneS,

1403 232 1501 264 1420

1403 551 1500 589 1425

1403 873 1503 908 1430

1402 1193 1498 1231 1435

1404 1514 1503 1546 1440

1403 1831 1499 1869 1445

1403 2152 1501 2188 1450
