1648 2452
532 99 718 135 LIBER
761 99 1033 146 QUINTUS.
1395 109 1440 145 29

124 182 323 230 Tempore
351 193 430 230 quo
456 181 625 230 primum
655 183 770 220 tellus
798 181 981 219 animalia
1011 181 1120 229 fudit,

125 245 191 282 Nil
221 253 350 283 tamen
378 252 436 283 est
464 244 563 294 signi
594 245 733 283 mixtas
763 245 938 294 potuisse
969 245 1089 283 creari

125 310 232 347 Inter
262 321 303 347 se
330 310 503 358 pecudes
534 317 819 358 compactaque
850 310 1027 347 membra
1056 308 1311 357 animantum,

125 375 336 422 Propterea
360 373 453 422 quia
479 386 579 422 quae
605 375 655 412 de
679 374 788 412 terris
816 387 922 412 nunc
948 387 1107 423 quoque
1134 374 1336 412 abundant
1367 387 1443 422 920

126 438 349 475 Herbarum
379 450 521 487 genera
550 451 597 476 ac
627 439 753 488 fruges
784 439 1018 487 arbustaque
1047 440 1150 476 laeta

126 502 218 539 Non
248 508 381 541 tamen
411 502 511 540 inter
541 515 583 540 se
614 509 781 552 possunt
811 504 1017 551 complexa
1048 502 1178 549 creari,

125 566 204 604 Sed
233 579 292 604 res
322 578 502 615 quaeque
533 579 603 604 suo
631 563 705 604 ritu
737 567 914 615 procedit
943 574 981 604 et
1011 579 1149 605 omnes

125 630 300 668 Foedere
329 638 489 669 naturae
518 638 625 668 certo
652 630 876 668 discrimina
907 637 1071 668 servant.

179 695 232 731 At
260 706 383 742 genus
412 694 628 732 humanum
659 695 784 732 multo
817 693 888 732 fuit
917 694 1014 732 illud
1044 694 1085 731 in
1115 694 1214 731 arvis
1369 706 1441 744 925

126 755 282 802 Durius,
313 763 354 794 ut
384 756 526 804 decuit,
560 758 674 795 tellus
707 758 814 806 quod
846 758 944 795 dura
974 765 1153 803 creasset,

126 821 176 858 Et
206 819 414 859 maioribus
442 828 480 859 et
512 820 644 859 solidis
675 812 798 870 magis
829 821 981 858 ossibus
1013 821 1118 858 intus

0 877 358 933 ‘mk'ffFundatuQ
390 885 526 923 validis
558 893 695 935 aptum
726 899 796 935 per
825 886 973 937 viscera
1002 887 1142 931 nervis,
1181 889 1183 893 '
1210 884 1213 887 ⁸

125 949 209 986 Nec
238 947 350 987 facile
380 961 427 987 ex
455 955 564 986 aestu
595 961 668 987 nec
696 949 835 998 frigore
867 950 975 998 quod
1006 958 1208 1002 cape-retur

125 1014 212 1051 Nec
240 1011 412 1051 novitate
442 1011 520 1050 cibi
549 1025 622 1050 nec
651 1012 728 1050 labi
759 1012 934 1062 corporis
956 1014 1071 1051 ulla„
1282 1022 1293 1045 f
1370 1027 1446 1062 930

126 1077 330 1126 Multaque
360 1089 430 1126 per
459 1077 611 1114 caelum
642 1076 735 1114 solis
765 1076 962 1115 volventia
993 1078 1111 1126 lustra

123 1140 339 1190 Volgivago
369 1141 488 1177 vitam
519 1141 739 1178 tractabant
772 1153 881 1178 more
911 1137 1088 1178 ferarum.

125 1205 212 1242 Nec
240 1205 422 1242 robustus
453 1211 534 1242 erat
563 1203 669 1241 curvi
701 1205 925 1242 moderator
957 1203 1070 1241 aratri

126 1268 354 1318 Quisquam,
387 1282 460 1307 nec
491 1270 615 1307 scibat
643 1269 742 1306 ferro
773 1268 942 1308 molirier
972 1281 1062 1306 arva

29 1348 33 1357 ¹
58 1339 81 1356 Ψ
125 1335 210 1372 Nec
240 1346 343 1371 nova
373 1334 557 1388 defipdere
586 1333 625 1370 in
655 1340 796 1371 terram
825 1333 990 1382 virgulta
1018 1346 1147 1383 neque
1176 1333 1264 1371 altis
1372 1345 1445 1383 935

123 1396 339 1435 Arboribus
369 1403 519 1435 veteres
548 1396 730 1434 decidere
759 1396 915 1435 falcibu'
944 1409 1084 1434 ramos.

125 1461 244 1509 Quod
275 1461 332 1499 sol
360 1468 479 1510 atque
509 1460 652 1499 imbres
682 1462 884 1507 dederant,
917 1462 1026 1510 quod
1055 1467 1157 1499 terra
1186 1468 1332 1499 crearat

124 1526 273 1574 Sponte
302 1538 381 1571 sua,
414 1525 507 1563 satis
535 1525 576 1564 id
605 1526 787 1575 placabat
818 1533 979 1575 pectora
1010 1526 1170 1564 donum.

125 1588 369 1627 Glandiferas
397 1588 497 1627 inter
526 1590 715 1628 curabant
744 1602 910 1638 corpora
939 1602 1106 1639 quercus

124 1653 355 1702 Plerumque
369 1666 380 1700 3
409 1659 448 1691 et
476 1665 577 1701 quae
605 1666 710 1690 nunc
739 1654 903 1691 hiberno
933 1660 1110 1703 tempore
1140 1654 1266 1692 cernis
1374 1668 1452 1704 940

125 1717 262 1755 Arbita
290 1716 461 1766 puniceo
494 1716 572 1755 fieri
603 1725 755 1768 mat-ura
784 1719 927 1764 colore,

127 1782 295 1820 Plurima
325 1789 408 1820 turn
439 1782 552 1819 tellus
584 1781 701 1820 etiam
729 1782 877 1821 maiora
907 1784 1065 1822 ferebat.

127 1847 334 1895 Multaque
362 1853 563 1896 praeterea
594 1846 746 1885 novitas
775 1854 860 1885 tum
892 1848 1028 1886 florida
1059 1848 1195 1886 mundi

127 1910 275 1948 Pabula
304 1911 399 1948 dura
429 1909 528 1957 tulit,
559 1909 708 1948 miseris
738 1912 966 1949 mortalibus
997 1913 1138 1961 ampla.

126 1974 180 2011 At
207 1974 342 2012 sedare
369 1973 473 2012 sitim
501 1973 608 2011 fluvii
637 1975 844 2023 fontesque
874 1976 1080 2020 vocabant,
1376 1987 1450 2026 945

115 2038 185 2075 'Ut
214 2050 319 2075 nunc
347 2038 547 2077 montibus
577 2051 598 2076 e
628 2038 779 2087 magnis
811 2039 998 2076 decursus
1029 2039 1144 2088 aquai

127 2102 272 2140 Claru’i
291 2101 385 2140 citat
414 2103 493 2140 late
525 2102 695 2140 sitientia
726 2103 855 2140 saecla
884 2103 1059 2141 ferarum.

129 2163 312 2212 Denique
339 2172 436 2203 nota
464 2165 552 2215 vagi
583 2165 772 2204 silvestria
802 2167 951 2215 templa
978 2168 1168 2206 tenebant

129 2228 411 2276 Nympharum,
441 2229 584 2277 quibus
613 2241 635 2267 e
665 2228 817 2266 scibant
845 2229 981 2267 umori'
1010 2230 1156 2268 fluenta
