1648 2452
213 109 258 141 14
553 98 640 133 DE
676 97 905 134 RERUM
934 97 1182 134 NATURA

261 183 339 222 Sed
368 185 507 233 quibus
538 185 601 222 ille
631 183 760 221 modis
789 182 990 221 coniectus
1019 183 1192 221 materiai

209 248 397 287 Fundarit
425 255 566 286 terram
595 254 634 286 et
662 249 813 285 caelum
843 248 1034 296 pontique
1062 248 1267 296 profunda,

209 312 309 352 Solis
338 313 442 350 lunai
472 323 619 358 cursus,
650 324 698 349 ex
726 311 864 349 ordine
892 323 1050 360 ponam.

210 377 314 415 Nam
343 384 445 415 certe
473 388 603 425 neque
631 375 795 414 consilio
825 373 1040 424 primordia
1067 388 1195 413 rerum

212 442 360 482 Ordine
389 454 431 480 se
460 454 530 479 suo
559 452 738 490 quaeque
768 438 897 488 sagaci
926 446 1058 477 mente
1087 440 1265 478 locarunt
1456 452 1532 485 420

212 507 297 545 Nec
326 518 424 556 quos
453 517 634 555 quaeque
662 505 801 543 darent
829 511 958 542 motus
988 503 1174 553 pepigere
1202 506 1389 554 profecto,

210 571 288 609 Sed
316 570 407 620 quia
435 571 560 608 multa
586 568 715 608 modis
744 568 875 606 multis
902 568 1115 617 primordia
1141 582 1268 607 rerum

212 636 272 673 Ex
299 634 454 673 infinito
481 634 558 672 iam
587 641 765 682 tempore
792 632 940 682 percita
969 632 1091 683 plagis

212 698 538 748 Ponderibusque
568 698 648 736 suis
677 704 917 736 consuerunt
946 697 1102 735 concita
1129 697 1216 736 ferri

213 763 546 813 Omnirnodisque
574 762 679 802 coire
707 770 825 811 atque
855 761 990 800 onmia
1017 770 1289 812 pertemptare,
1458 774 1532 812 425

214 829 496 878 Quaecumque
525 827 625 867 inter
653 840 694 866 se
722 836 885 877 possent
913 840 1122 877 congressa
1149 840 1290 874 creare,

215 895 427 942 Propterea
455 894 497 931 fit
526 893 583 931 uti
611 905 798 942 magnum
828 893 984 942 volgata
1012 905 1082 942 per
1109 905 1249 931 aevom

215 959 346 997 Omne
374 970 496 1007 genus
525 965 661 996 coetus
690 965 728 996 et
757 965 887 996 motus
917 958 1159 1007 experiundo

215 1022 396 1060 Tandem
425 1021 662 1061 convenia'nt
690 1034 737 1060 ea
765 1035 865 1071 quae
893 1029 1084 1060 convecta
1112 1030 1271 1072 repente
1444 1039 1450 1054 ·

216 1089 449 1137 Magnarum
478 1100 606 1125 rerum
636 1087 734 1125 fiunt
763 1086 923 1125 exordia
952 1099 1082 1136 saepe,
1461 1099 1538 1134 430

215 1151 349 1190 Terrai
378 1150 494 1188 maris
524 1159 562 1189 et
590 1150 689 1189 caeli
718 1150 950 1200 generisque
978 1150 1234 1188 animantum.

271 1216 352 1253 Hic
381 1228 509 1265 neque
537 1222 621 1252 tum
650 1214 742 1253 solis
770 1222 855 1252 rota
884 1214 990 1252 cerni
1018 1214 1166 1252 lumine
1195 1215 1302 1264 largo

215 1280 435 1319 Altivolans
463 1287 617 1330 poterat
646 1293 720 1318 nec
748 1279 880 1329 magni
909 1279 1036 1318 sidera
1063 1280 1201 1318 mundi
1583 1323 1594 1335 ⁸

217 1346 304 1383 Nec
333 1357 438 1383 mare
466 1358 540 1383 nec
567 1342 719 1383 caelum
747 1357 822 1383 nec
850 1344 1021 1394 denique
1049 1352 1149 1383 terra
1177 1357 1306 1394 neque
1334 1357 1398 1384 aer

218 1410 304 1447 Nec
333 1408 468 1446 similis
496 1408 638 1447 nostris
667 1410 782 1447 rebus
810 1421 870 1462 res
899 1409 979 1446 ulla
1004 1407 1138 1455 videri,
1306 1351 1648 1490 Μ

216 1473 295 1511 Sed
324 1485 427 1511 nova
455 1480 666 1522 tempestas
695 1473 891 1522 quaedam
919 1473 1123 1521 molesque
1152 1479 1287 1511 coorta
1350 1458 1546 1532 ffl-

1307 1493 1334 1507 t

113 1523 131 1544 t

125 1553 137 1563 Ο

10 1577 143 1627 ‘ud‘-

185 1538 350 1601 9mne
377 1549 501 1586 genus
530 1537 580 1575 de
608 1535 821 1591 principiis,
852 1536 1049 1575 discordia
1078 1549 1246 1585 quorum

218 1602 428 1640 Intervalla
455 1599 536 1639 vias
564 1613 735 1640 conexus
763 1602 940 1652 pondera
969 1602 1101 1651 plagas

219 1668 446 1706 Concursus
473 1673 605 1705 motus
634 1665 817 1704 turbabat
845 1665 994 1715 proelia
1022 1664 1203 1710 miscens,

220 1733 385 1781 Propter
413 1729 621 1769 dissimiles
649 1731 796 1768 formas
824 1729 1029 1780 variasque
1058 1730 1197 1780 figuras
1465 1742 1541 1776 440

220 1796 340 1845 Quod
369 1807 451 1834 non
479 1793 613 1833 omnia
641 1793 696 1832 sic
723 1800 906 1843 poterant
935 1793 1144 1833 coniuncta
1173 1806 1330 1832 manere

221 1862 307 1899 Nec
334 1867 465 1899 motus
494 1858 596 1898 inter
623 1871 708 1897 sese
736 1859 830 1897 dare
859 1857 1149 1897 convenientes.

221 1925 422 1975 Diffugere
450 1923 544 1969 inde
572 1922 650 1963 loci
677 1930 808 1973 partes
837 1936 1004 1973 coepere
1032 1936 1230 1974 paresque

221 1991 323 2029 Cum
350 1987 508 2038 paribus
536 1987 641 2038 iungi
670 2000 730 2026 res
759 1994 798 2026 et
826 1987 1046 2027 discludere
1074 1988 1265 2026 mundum

223 2053 484 2102 Membraque
512 2050 686 2091 dividere
714 2059 753 2090 et
781 2065 942 2103 magnas
971 2053 1180 2102 disponere
1206 2058 1346 2102 partes,
1468 2063 1541 2101 445

160 2118 175 2172 s·
223 2119 317 2156 Hoc
344 2123 414 2164 est,
443 2129 467 2154 a
495 2115 604 2155 terris
633 2116 753 2154 altum
783 2127 984 2154 secernere
1011 2116 1176 2162 caelum,
1312 2159 1313 2162 Ἴ
1525 2119 1532 2127 ”

224 2184 274 2220 Et
301 2193 453 2220 sorsum
481 2192 588 2219 mare
616 2180 672 2218 uti
701 2187 852 2219 secreto
867 2192 1017 2228 umore
1046 2187 1207 2229 pateret,
1264 2164 1285 2193 ’Δ
1308 2168 1310 2172 ’

222 2249 381 2286 Seorsus
409 2246 502 2284 item
532 2245 617 2295 puri
646 2235 863 2295 secretique
891 2244 1058 2284 aetheris
1086 2244 1205 2294 ignes.
