1648 2452
549 67 735 104 LIBER
777 64 1051 113 QUINTUS.

135 149 321 188 Aestibus
348 148 449 187 inter
476 161 518 186 se
545 147 707 185 diversis
736 147 864 184 sidera
890 145 1006 184 ferri?

187 215 242 250 At
268 225 348 250 nox
374 209 502 249 obruit
529 209 678 259 ingenti
706 209 872 259 caligine
900 217 1045 255 terras,'

134 277 214 312 Aut
241 274 309 313 ubi
337 275 386 313 de
414 274 533 323 longo
562 286 676 311 cursu
705 274 764 311 sol
792 273 930 310 ultima
957 271 1055 310 caeli

135 339 296 388 Impulit
323 345 442 387 atque
470 350 561 376 suos
589 337 731 376 efflavit
760 338 967 386 languidus
996 336 1105 386 ignes

136 403 359 441 Concussos
387 402 481 441 itere
510 409 549 441 et
576 403 790 440 labefactos
820 414 908 439 aere
936 401 1072 447 multo,

135 470 214 506 Aut
241 467 332 517 quia
361 469 434 505 sub
463 474 583 505 terras
611 479 768 504 cursum
796 474 1022 504 convertere
1051 464 1156 514 cogit

134 529 205 568 Vis
233 531 383 576 eadem,
414 542 529 580 supra
557 542 659 578 quae
687 536 806 566 terras
834 528 990 577 pertulit
1019 528 1165 565 orbem.

187 595 384 644 Tempore
411 594 505 632 item
534 602 640 631 certo
670 605 823 631 roseam
854 594 1009 630 Matuta
1037 604 1106 641 per
1134 604 1220 629 oras

134 658 313 696 Aetheris
341 671 518 696 auroram
547 658 673 696 differt
703 665 741 695 et
769 656 916 694 lumina
944 655 1091 705 pandit,

135 724 215 760 Aut
243 722 334 772 quia
361 723 420 760 sol
448 722 564 770 idem,
599 723 671 759 sub
701 729 819 759 terras
848 720 911 758 ille
941 727 1147 764 revertens,

133 784 335 835 Anticipat
361 780 515 824 caelum
543 784 659 823 radiis
688 785 904 822 accendere
932 790 1140 832 temptans,

134 852 214 888 Aut
242 849 334 899 quia
361 849 602 888 conveniunt
631 849 740 898 ignes
769 855 808 886 et
838 847 987 885 semina
1016 847 1140 883 multa

136 914 345 953 Confluere
373 914 521 953 ardoris
550 920 788 952 consuerunt
817 920 994 960 tempore
1023 918 1141 956 certo,

136 979 248 1027 Quae
275 978 423 1016 faciunt
451 978 543 1016 solis
571 989 674 1015 nova
703 988 857 1025 semper
885 974 1036 1012 lumina
1063 972 1167 1023 gigni
1181 988 1191 1022 3

136 1042 256 1090 Quod
283 1054 406 1091 genus
436 1041 565 1079 Idaeis
593 1042 699 1078 fama
727 1047 786 1077 est
815 1052 836 1077 e
865 1039 1066 1077 montibus
1095 1037 1180 1075 altis

137 1105 344 1155 Dispersos
372 1105 480 1155 ignes
509 1105 648 1144 orienti
678 1104 825 1142 lumine
854 1103 970 1149 cerni,

138 1170 238 1207 Inde
261 1168 366 1207 coire
388 1169 548 1218 globum
574 1167 687 1216 quasi
711 1167 752 1204 in
775 1179 896 1204 unum
921 1174 957 1204 et
984 1167 1176 1203 conficere
1202 1167 1347 1204 orbem.

137 1235 224 1272 Nec
251 1233 383 1272 tamen
410 1232 506 1270 illud
534 1231 574 1269 in
603 1231 662 1269 his
690 1232 805 1269 rebus
834 1230 1009 1268 mirabile
1038 1231 1157 1268 debet

137 1298 246 1343 Esse,
276 1297 385 1345 quod
413 1296 510 1334 haec
539 1294 637 1344 ignis
667 1302 747 1332 tam
777 1302 883 1332 certo
912 1302 1088 1343 tempore
1116 1301 1280 1343 possunt

137 1362 296 1400 Semina
322 1361 519 1399 confluere
548 1367 586 1398 et
615 1361 706 1398 solis
735 1372 913 1408 reparare
942 1359 1121 1397 nitorem.

138 1427 267 1463 Multa
292 1424 468 1463 videmus
498 1426 614 1471 enim,
645 1431 751 1461 certo
780 1436 880 1473 quae
908 1430 1084 1472 tempore
1112 1424 1209 1461 fiunt

139 1488 334 1529 Omnibus
361 1489 400 1526 in
428 1490 554 1527 rebus.
613 1490 843 1527 Florescunt
871 1496 1047 1537 tempore
1077 1495 1182 1526 certo

111 1567 121 1584 ’-
141 1555 308 1592 Arbusta
335 1561 373 1591 et
401 1561 508 1592 certo
537 1552 739 1591 dimittunt
768 1561 945 1602 tempore
974 1553 1121 1591 florem.

140 1620 226 1657 Nec
253 1617 380 1656 minus
408 1617 448 1656 in
477 1626 585 1656 certo
614 1619 753 1656 dentes
782 1619 922 1656 cadere
952 1617 1115 1666 imperat
1144 1626 1249 1655 aetas

138 1684 335 1731 Tempore
364 1689 402 1720 et
430 1681 634 1732 impubem
663 1681 771 1720 molli
800 1683 1017 1731 pubescere
1044 1690 1152 1720 veste

140 1747 189 1783 Et
217 1745 358 1795 pariter
384 1737 543 1783 mollem
572 1744 683 1788 malis
712 1745 918 1783 demittere
945 1746 1117 1783 barbam.

140 1800 327 1848 Fulmina*
345 1816 542 1858 postremo
571 1809 637 1846 nix
665 1808 807 1846 imbres
837 1808 970 1846 nubila
997 1809 1103 1847 venti

140 1875 234 1912 Non
261 1872 376 1911 nimis
404 1872 558 1911 incertis
588 1874 686 1910 fiunt
715 1873 754 1910 in
783 1873 957 1921 partibus
985 1873 1088 1911 anni.

140 1939 322 1986 Namque
348 1937 415 1975 ubi
445 1937 500 1974 sic
526 1937 681 1974 fuerunt
710 1948 914 1973 causarum
945 1935 1103 1974 exordia
1131 1935 1267 1984 prima,

139 2003 270 2050 Atque
297 2000 351 2039 ita
377 1992 438 2039 res
467 2000 603 2039 mundi
631 2000 807 2038 cecidere
836 2001 886 2037 ab
916 1999 1063 2048 origine
1091 1999 1226 2048 prima,

141 2064 352 2112 Consequ‘e
380 2076 537 2113 quoque
565 2063 643 2101 iam
671 2063 837 2100 redeunt
866 2075 914 2100 ex
943 2062 1081 2100 ordine
1109 2070 1226 2100 certo.

195 2128 378 2166 Crescere
405 2122 578 2175 itemque
607 2127 690 2165 dies
718 2126 808 2164 licet
837 2134 875 2164 et
904 2127 1104 2165 tabescere
1132 2134 1280 2173 noctes,

142 2191 194 2227 Et
220 2190 344 2227 minui
371 2191 477 2229 luces
506 2203 596 2229 cum
625 2198 782 2228 sumant
810 2189 992 2239 augmina
1021 2198 1168 2239 nocteS,

376 2244 415 2271 st,
453 2272 455 2274 ,

1407 75 1448 98 21

1378 209 1453 256 650

1380 846 1456 881 660

1380 1167 1452 1213 665

1379 1491 1456 1535 670
