1648 2452
234 105 277 129 12
574 95 662 132 DE
699 96 929 133 RERUM
957 97 1202 135 NATURA

231 180 358 227 Atque
386 178 442 216 illi
469 191 568 228 quos
596 192 618 217 a
647 179 727 217 vita
753 187 892 217 natura
918 180 1092 219 removit.
1472 195 1546 231 350

280 244 485 281 Praeterea
513 255 785 292 quaecumque
814 251 974 282 manent
1002 251 1161 283 aeterna
1188 252 1431 283 necessumst

226 308 317 353 Aut,
349 306 441 356 quia
469 314 559 345 sunt
587 307 716 346 solido
746 321 836 346 curn
865 320 1041 358 corpore,
1062 322 1243 359 respuere
1272 309 1372 347 ictus

228 371 314 409 Nec
341 379 543 421 penetrare
572 372 654 422 pati
682 372 758 411 sibi
786 372 995 423 quicquam
1024 374 1131 423 quod
1160 381 1277 423 queat
1305 381 1406 412 artas

229 436 451 475 Dissociare
480 435 584 475 intus
613 443 754 486 partes,
785 443 828 475 ut
856 437 1030 475 materiai

228 503 406 551 Corpora
434 508 526 539 sunt
553 513 720 550 quorum
749 507 927 539 naturam
956 501 1200 541 ostendimus
1229 510 1331 549 ante,
1472 512 1545 550 355

230 568 307 604 Aut
334 564 425 603 ideo
455 566 593 603 durare
621 572 788 604 aetatem
817 578 932 615 posse
962 579 1032 615 per
1060 578 1231 615 omnem,

230 631 432 680 Plagarum
461 629 553 678 quia
580 637 671 668 sunt
700 629 883 679 expertia,
914 629 1013 668 sicut
1043 629 1158 668 inane
1187 637 1246 668 est

229 695 349 743 Quod
378 702 510 732 manet
538 693 730 732 intactum
759 706 888 743 neque
917 695 967 732 ab
996 693 1076 732 ictu
1105 693 1276 744 fungitur
1303 693 1438 740 hilum,

228 761 306 796 Aut
335 757 452 797 etiam
482 757 574 807 quia
600 759 707 796 nulla
734 758 811 796 loci
839 759 882 796 fit
910 757 1024 808 copia
1053 757 1210 806 circum,

229 824 320 872 Quo
347 822 458 872 quasi
485 835 545 860 res
573 822 724 872 possint
754 822 956 860 discedere
984 821 1234 872 dissoluique,
1472 824 1547 871 360

228 887 332 926 Sicut
361 899 601 925 summarum
632 898 785 924 summa
813 893 872 924 est
900 893 1058 924 aeterna
1086 898 1216 936 neque
1245 893 1352 924 extra

229 951 307 999 Qui
334 952 444 989 locus
473 960 531 989 est
559 963 639 1000 quo
668 950 858 988 dissiliant
887 963 1016 999 neque
1043 963 1209 1000 corpora
1237 959 1326 989 sunt
1355 963 1454 1000 quae

228 1015 382 1054 Possint
409 1015 583 1054 incidere
612 1022 651 1053 et
678 1015 807 1053 valida
835 1014 1045 1053 dissolvere
1074 1016 1198 1065 plaga.

229 1083 282 1118 At
310 1094 451 1130 neque,
482 1080 539 1118 uti
568 1078 698 1127 docui,
730 1079 857 1118 solido
886 1092 978 1117 cum
1006 1092 1169 1129 corpore
1199 1079 1336 1118 mundi

230 1147 425 1193 Naturast,
455 1146 643 1195 quoniam
672 1144 925 1183 admixtumst
953 1143 992 1182 in
1023 1146 1138 1182 rebus
1167 1143 1308 1192 inane;
1471 1145 1545 1193 365

229 1210 315 1247 Nec
343 1216 475 1248 tamen
505 1216 563 1247 est
591 1216 634 1246 ut
663 1207 791 1254 inane,
821 1220 952 1257 neque
980 1215 1111 1246 autem
1139 1220 1304 1257 corpora
1332 1207 1485 1253 desunt,

229 1275 288 1312 Ex
315 1273 467 1312 infinito
497 1287 598 1323 quae
627 1272 780 1323 possint
807 1273 906 1311 forte
935 1279 1071 1311 coorta

229 1339 417 1377 Corruere
446 1339 550 1376 hane
576 1350 704 1376 rerum
733 1337 906 1375 violento
935 1335 1089 1374 turbine
1120 1348 1314 1374 summam

228 1404 309 1441 Aut
335 1402 452 1440 aliam
481 1401 658 1451 quamvis
686 1401 840 1439 cladem
869 1400 1062 1450 inportare
1091 1399 1247 1450 pericli,

229 1469 315 1506 Nec
342 1480 459 1517 porro
487 1473 626 1504 natura
653 1465 730 1504 loci
759 1465 1009 1515 spatiumque
1037 1463 1221 1514 profundi
1471 1475 1548 1513 370

229 1530 382 1578 Deficit,
412 1528 588 1580 exspargi
616 1541 696 1578 quo
724 1527 876 1578 possint
903 1526 1060 1566 moenia
1088 1527 1222 1564 mundi
1236 1539 1248 1574 ς

229 1597 307 1633 Aut
334 1594 410 1632 alia
438 1593 575 1644 quavis
604 1599 769 1642 possunt
797 1591 835 1630 vi
862 1593 976 1642 pulsa
1003 1590 1138 1642 perire.

230 1660 352 1697 Haud
378 1657 492 1709 igitur
518 1656 586 1696 leti
614 1658 817 1706 praeclusa
845 1664 904 1694 est
930 1655 1048 1694 ianua
1075 1656 1185 1694 caelo

229 1724 315 1762 Nec
342 1722 415 1761 soli
441 1729 645 1776 terraeque
670 1733 800 1770 neque
828 1719 915 1758 altis
943 1718 1122 1769 aequoris
1141 1718 1267 1766 undis,

227 1787 305 1826 Sed
332 1793 441 1836 patet
467 1785 640 1828 immane
668 1792 708 1823 et
735 1792 846 1823 vasto
875 1791 1069 1835 respectat
1097 1783 1214 1822 hiatu.
1473 1795 1545 1834 375

229 1852 357 1900 Quare
386 1849 504 1889 etiarn
533 1848 664 1888 nativa
691 1856 936 1888 necessumst
964 1849 1175 1887 confiteare

229 1916 344 1954 Haec
371 1915 510 1954 eadem
524 1928 534 1962 3
572 1926 701 1964 neque
731 1913 848 1961 enim,
876 1912 1032 1953 mortali
1061 1925 1223 1962 corpore
1252 1925 1353 1962 quae
1382 1920 1483 1960 sunt,

229 1981 290 2018 Ex
315 1979 468 2018 infinito
495 1979 574 2017 iam
602 1986 782 2029 tempore
810 1979 940 2017 adhuc
967 1977 1189 2029 potuissent

229 2043 406 2083 Inmensi
432 2042 581 2082 validas
609 2042 694 2082 aevi
722 2050 977 2081 contemnere
1005 2041 1114 2081 vires.

281 2106 464 2157 Denique
493 2113 699 2156 tantopere
726 2105 828 2145 inter
855 2118 897 2145 se
925 2119 1015 2144 cum
1043 2103 1214 2143 maxima
1242 2103 1379 2142 mundi
1472 2105 1548 2154 380

230 2172 409 2221 Pugnent
437 2172 624 2217 membra,
655 2169 722 2223 pio
751 2182 1003 2220 nequaquam
1032 2168 1188 2209 concita
1215 2168 1333 2216 bello,

229 2237 375 2274 Nonne
402 2235 512 2274 vides
541 2235 710 2284 aliquam
739 2234 845 2284 longi
875 2233 1096 2273 certaminis
1124 2233 1211 2277 ollis
