1648 2452
183 76 230 100 20
525 64 613 100 DE
649 63 866 100 RERUM
896 63 1142 101 NATURA

180 148 380 186 Brumales
407 149 524 186 adeat
552 149 672 186 flexus
700 156 818 197 atque
846 147 938 186 inde
966 156 1160 186 revertens

181 211 322 250 Cancri
351 224 391 249 se
421 219 462 249 ut
489 219 612 249 vertat
640 219 764 250 metas
792 211 843 249 ad
873 211 1107 258 solstitiales,

182 276 370 324 Lunaque
398 276 598 313 mensibus
627 275 666 313 id
696 275 865 324 spatium
892 275 1068 313 videatur
1096 275 1216 322 obire,

179 340 322 376 Annua
349 340 407 377 sol
435 339 474 376 in
503 352 582 388 quo
610 339 807 378 consumit
835 347 1015 389 tempora
1042 353 1165 378 cursu.

181 403 285 448 Non,
316 402 486 452 inquam,
516 403 678 452 simplex
707 403 766 442 his
796 405 911 442 rebus
939 404 1090 443 reddita
1119 414 1285 443 causast.

182 468 284 504 Nam
313 467 395 505 fieri
421 468 484 506 vel
512 480 600 506 curn
629 467 761 517 primis
790 468 830 506 id
860 480 975 517 posse
1004 467 1167 515 videtur,

184 531 399 569 Democriti
428 532 535 580 quod
565 540 700 570 sancta
728 531 797 569 viri
827 532 1021 570 sententia
1049 532 1170 581 ponit,

182 595 343 643 Quanto
372 608 553 644 quaeque
582 595 703 645 magis
734 595 810 634 sint
839 604 980 634 terram
1009 595 1137 633 sidera
1166 604 1336 645 propter,

184 661 313 697 Tanto
343 671 459 708 posse
487 659 616 697 minus
645 672 734 696 cum
764 659 862 697 caeli
892 659 1046 697 turbine
1075 658 1171 698 ferri.

180 724 428 761 Evanescere
457 722 560 762 enim
590 723 744 773 rapidas
773 723 873 761 illius
902 731 941 761 et
969 736 1076 761 acres

184 787 370 825 Imminui
397 790 530 825 subter
558 787 669 834 vires,
700 787 868 837 ideoque
897 788 1062 837 relinqui

185 849 376 888 Paulatim
405 852 529 889 solem
558 864 646 889 cum
675 851 946 900 posterioribu‘
976 851 1105 900 signis,

185 913 350 952 Inferior
377 915 502 952 multo
532 915 640 963 quod
669 914 717 952 sit
747 927 866 963 quam
893 914 1041 953 fervida
1067 914 1184 964 signa.

187 979 238 1016 Et
266 978 387 1028 magis
416 979 493 1017 hoc
521 980 678 1018 lunam:
715 987 864 1028 quanto
893 979 1100 1017 demissior
1128 979 1209 1017 eius

186 1044 332 1082 Cursus
361 1044 471 1080 abest
499 1044 634 1092 procul
662 1055 685 1081 a
713 1044 823 1081 caelo
853 1042 1040 1092 terrisque
1068 1042 1317 1092 propinquat,

185 1108 315 1144 Tanto
344 1120 461 1156 posse
489 1107 617 1145 minus
646 1120 736 1145 cum
767 1107 884 1157 signis
913 1108 1084 1146 tendere
1103 1119 1268 1145 cursum.

186 1170 426 1209 Flaccidiore
455 1171 599 1209 etenim
630 1179 780 1220 quanto
809 1172 886 1209 iam
916 1171 1070 1209 turbine
1097 1172 1217 1209 fertur

188 1233 352 1272 Inferior
379 1247 496 1282 quam
526 1235 595 1279 sol,
626 1242 736 1273 tanto
765 1235 886 1284 magis
915 1235 1048 1273 omnia
1077 1234 1185 1285 signa

190 1299 309 1334 Hanc
337 1297 609 1346 adipiscuntur
636 1298 783 1336 circum
812 1307 1043 1348 praeterque
1070 1300 1253 1337 feruntur.

189 1362 400 1409 Propterea
426 1362 470 1398 fit
497 1369 539 1399 ut
568 1362 665 1400 haec
693 1362 744 1399 ad
773 1362 925 1411 signum
956 1362 1141 1411 quodque
1170 1361 1308 1400 reverti

192 1424 380 1462 Mobilius
410 1425 596 1471 videatur,
627 1425 677 1488 ad
706 1426 808 1463 hanc
837 1425 928 1474 quia
956 1426 1067 1475 signa
1094 1425 1274 1464 revisunt.

189 1488 250 1526 Fit
278 1501 437 1537 quoque
465 1497 509 1526 ut
537 1502 558 1527 e
585 1475 723 1527 mundi
753 1489 979 1527 transversis
1007 1489 1184 1538 partibus
1212 1502 1278 1527 aer

188 1550 356 1589 Alternis
386 1560 492 1590 certo
520 1552 638 1590 fluere
668 1553 764 1591 alter
792 1560 969 1602 tempore
1000 1553 1131 1602 possit,

156 1637 159 1641 ·
189 1614 266 1664 Qui
294 1608 411 1664 queat
438 1615 593 1654 aestivis
623 1617 746 1654 solem
776 1617 984 1655 detrudere
1015 1616 1133 1665 signis

191 1679 391 1717 Brumales
420 1692 544 1727 usque
573 1680 624 1717 ad
653 1680 772 1718 flexus
800 1680 1051 1729 gelidumque
1080 1677 1281 1729 rigorem‚'

190 1745 241 1781 Et
269 1742 336 1792 qui
363 1743 495 1782 reiciat
523 1743 658 1792 gelidis
687 1756 710 1781 a
736 1742 884 1793 frigoris
914 1743 1060 1781 umbris

189 1806 398 1844 Aestiferas
427 1818 552 1854 usque
580 1807 620 1844 in
649 1814 779 1856 partes
808 1815 846 1845 et
874 1806 1022 1845 fervida
1049 1805 1168 1857 signa.

190 1871 241 1908 Et
269 1870 419 1908 ratione
447 1871 528 1919 pari
557 1871 690 1908 lunam
719 1872 929 1919 stellasque
957 1871 1224 1920 putandumst,

192 1933 304 1981 Quae
332 1935 493 1971 volvunt
521 1947 685 1983 magnos
713 1934 754 1972 in
784 1934 935 1983 magnis
965 1934 1125 1972 orbibus
1153 1946 1289 1981 annos,

190 1997 357 2036 Aeribus
384 2010 499 2046 posse
528 1998 685 2036 alternis
713 2011 735 2037 e
764 1998 937 2047 partibus
965 1997 1029 2036 ire.

192 2062 338 2099 Nonne
365 2061 474 2108 vides
502 2061 620 2099 etiam
648 2061 809 2100 diversis
838 2053 971 2100 nubila
998 2060 1124 2100 ventis

193 2123 375 2162 Diversas
402 2123 456 2162 ire
484 2124 524 2161 in
553 2132 682 2173 partes
709 2124 860 2162 inferna
889 2124 1068 2174 supernis
1080 2126 1120 2160 p,
1182 2129 1189 2135 “’

1429 1044 1506 1091 630

1431 1363 1504 1409 635

1432 1681 1508 1725 640

197 2189 275 2236 Qui
304 2187 431 2224 minus
459 2187 524 2225 illa
551 2196 696 2236 queant
725 2201 792 2237 per
820 2200 982 2238 magnos
1011 2186 1175 2226 aetheris
1201 2188 1315 2226 orbes
1345 2198 1406 2228 νὴ·
