1648 2452
510 87 696 124 LIBER
739 87 896 135 QUIN
898 88 1015 125 Tcss.
1072 98 1076 101 >
1328 120 1330 122 ,
1378 98 1421 135 ῃ

104 173 251 213 Omnia
279 179 474 212 tormenta
501 173 639 211 aetatis
667 180 818 222 privata
845 174 1006 223 fragore.
1053 219 1057 222 γ
1233 168 1243 209 ἦ

157 236 340 287 Denique
367 236 446 274 iam
473 243 582 276 tuere
609 237 697 284 hoc,
727 238 874 276 circum
904 249 1099 286 supraque
1128 237 1235 286 quod
1264 249 1423 275 omnem

103 301 290 341 Continet
317 300 500 350 amplexu
528 307 693 339 terram:
730 300 762 338 si
790 308 970 350 procreat
998 314 1045 339 ex
1073 313 1114 339 se

103 364 258 412 Omnia,
289 364 398 414 quod
426 364 586 414 quidam
615 372 846 411 memorant,
876 363 1090 414 recipitque
1118 370 1331 413 perempta,
1346 376 1423 412 320

30 439 42 445 Α
101 431 247 468 Totum
276 429 451 467 nativum
480 428 635 468 mortali
664 441 828 478 corpore
857 436 1020 468 constat.

101 493 206 531 Nam
235 492 514 543 quodcumque
542 492 638 530 alias
667 505 716 531 ex
744 505 785 531 se
813 505 874 531 res
903 500 1019 542 auget
1046 491 1204 542 alitque,

101 556 291 595 Deminui
318 557 449 604 debet,
479 556 653 604 recreari,
683 569 773 594 cum
802 555 940 606 recipit
966 569 1037 595 res.

155 623 359 661 Praeterea
387 621 419 660 si
448 623 555 660 nulla
581 622 653 660 fuit
681 621 860 672 genitalis
889 623 997 672 origo

99 687 306 725 Terrarum
335 693 374 725 et
401 686 500 725 caeli
519 699 752 736 semperque
780 693 939 725 aeterna
966 688 1083 733 fuere,
1345 699 1392 735 32
1400 698 1419 736 5

0 759 18 783 ι,Ι
15 736 56 780 ““Ῐ
100 751 180 790 Cur
207 763 348 802 supera
377 751 523 790 bellum
552 752 790 789 Thebanum
820 758 859 789 et
886 751 1023 790 funera
1051 753 1085 789 Γ
1088 764 1191 789 roiae

100 806 193 852 Non
221 814 316 853 alias
344 814 409 852 alii
437 827 597 864 quoque
625 827 686 853 res
714 813 891 853 cecinere
919 818 1090 864 poetae?

100 880 191 928 Quo
219 886 278 918 tot
305 880 408 917 facta
434 879 562 917 virum
592 877 737 917 totiens
766 879 944 918 cecidere
974 892 1102 929 neque
1133 892 1296 928 usquam

99 944 281 983 Aeternis
308 945 436 983 famae
465 943 719 983 monimentis
748 943 864 982 insita
890 945 1060 982 florent?

98 1009 257 1056 Verum,
286 1016 329 1047 ut
357 1008 505 1059 opinor,
539 1010 658 1047 habet
687 1008 903 1047 novitatem
934 1021 1087 1046 summa
1114 1020 1327 1058 recensque
1344 1021 1421 1057 330

99 1074 284 1110 Naturast
311 1072 450 1110 mundi
477 1085 606 1121 neque
635 1071 787 1121 pridem
817 1072 976 1110 exordia
1005 1072 1117 1121 cepit.

11 1174 39 1181 ,¹
99 1136 230 1184 Quare
259 1135 376 1175 etiam
405 1138 601 1187 quaedam
631 1149 737 1175 nunc
765 1144 866 1175 artes
895 1137 1155 1187 expoliuntur,

99 1201 218 1238 Nunc
237 1200 355 1238 etiam
384 1208 623 1250 augescunt3
662 1213 768 1247 nunc
797 1200 932 1239 addita
960 1199 1120 1250 navigiis
1150 1209 1239 1238 sunt

100 1266 238 1312 Multa,
269 1265 390 1303 modo
419 1264 590 1315 organici
618 1265 780 1304 melicos
808 1278 996 1315 peperere
1025 1277 1198 1304 sonores.

98 1329 282 1380 Denique
309 1337 449 1368 natura
476 1331 575 1369 haec
603 1344 732 1369 rerum
762 1330 938 1380 ratioque
967 1338 1156 1380 repertast
1346 1343 1392 1379 33
1399 1341 1418 1379 5

97 1394 244 1444 Nuper,
275 1401 314 1433 et
341 1395 444 1432 hanc
471 1393 618 1444 primus
647 1407 738 1433 cum
767 1394 902 1444 primis
929 1393 1014 1444 ipse
1042 1402 1217 1444 repertus

98 1459 217 1496 Nunc
245 1471 319 1508 ego
348 1471 434 1496 sum
462 1458 503 1496 in
531 1457 676 1508 patrias
705 1458 772 1507 qui
799 1458 948 1508 possim
977 1465 1126 1497 vertere
1153 1471 1282 1496 voces.

97 1523 217 1573 Quod
245 1521 276 1560 si
304 1523 402 1561 forte
429 1521 548 1560 fuisse
575 1523 743 1560 antehac
771 1524 908 1561 eadem
939 1522 1072 1561 omnia
1100 1522 1237 1568 credis,

97 1587 175 1626 Sed
203 1586 363 1636 periisse
390 1586 597 1625 hominurn
626 1586 789 1625 torrenti
817 1588 947 1625 saecla
975 1600 1131 1636 vapore,

97 1653 179 1690 Aut
206 1650 398 1690 cecidisse
425 1653 541 1690 urbes
572 1663 716 1701 magno
745 1650 951 1690 vexamine
980 1651 1128 1699 mundi,
1345 1663 1423 1700 340

97 1717 178 1755 Aut
206 1729 254 1755 ex
280 1714 471 1754 imbribus
499 1714 673 1753 adsiduis
701 1715 825 1754 exisse
854 1728 1015 1764 rapaces

0 1765 50 1834 *⁰*-
98 1781 172 1819 Per
199 1786 318 1819 terras
347 1791 483 1818 amnes
512 1786 630 1829 atque
659 1779 808 1829 oppida
835 1779 1099 1830 cooperuisse,

73 1846 229 1900 Tanto
257 1843 402 1895 quique
430 1844 553 1895 magis
581 1844 706 1883 victus
733 1845 878 1884 fateare
907 1851 1105 1883 necessest

73 1896 272 1947 Exitium
299 1921 459 1959 quoque
486 1916 674 1947 terrarum
703 1908 881 1958 caelique
910 1909 1092 1946 futurum.

100 1975 204 2012 Nam
232 1986 323 2012 cum
350 1986 412 2013 res
440 1974 558 2012 tantis
586 1973 733 2012 morbis
761 1972 959 2023 tantisque
986 1972 1141 2023 periclis
1348 1985 1423 2024 345

98 2039 413 2088 Temptarentur‚
443 2037 499 2077 ibi
527 2037 559 2076 si
584 2037 732 2077 tristior
760 2037 1000 2077 incubuisset

100 2103 242 2148 Causa,
273 2102 412 2140 darent
439 2102 518 2141 late
546 2102 701 2140 cladem
729 2114 971 2151 magnasque
999 2101 1138 2140 ruinas.

101 2165 188 2202 Nec
214 2163 365 2203 ratione
394 2163 471 2203 alia
497 2166 682 2204 mortales
710 2177 796 2204 esse
824 2164 1004 2204 videmur

101 2231 210 2268 Inter
237 2241 321 2276 nos,
351 2228 426 2267 nisi
455 2229 561 2278 quod
592 2229 738 2267 morbis
767 2229 1026 2278 aegrescimus
1055 2229 1180 2267 isdem
