1648 2452
551 103 737 140 LIBER
781 102 1055 151 QUINTUS.
1407 111 1456 147 39

143 187 232 226 Sive
261 187 368 237 quod
395 185 545 226 inducti
573 193 694 225 terrae
722 185 898 224 bonitate
924 186 1109 224 volebant

144 251 320 290 Pandere
348 263 459 300 agros
487 249 652 299 pingues
681 257 719 288 et
747 262 893 299 pascua
921 250 1084 287 reddere
1113 261 1211 295 rura,

141 316 228 355 Sive
255 317 353 355 feras
381 315 595 353 interficere
624 322 663 353 et
692 315 881 353 ditescere
910 314 1062 364 praeda.
1178 306 1181 310 ’

143 381 245 417 Nam
274 381 386 419 fovea
413 386 529 429 atque
557 379 637 430 igni
665 379 771 428 prius
800 386 858 417 est
887 377 1060 416 venarier
1088 383 1217 415 ortum
1357 387 1456 425 1250

142 445 275 500 Quam·
299 445 448 494 saepire
476 444 598 495 plagis
628 445 768 483 saltum
797 444 1041 493 canibusque
1071 442 1182 481 ciere.

141 508 342 559 Quidquid
369 509 410 548 id
438 517 507 557 est,
537 521 785 558 quacumque
813 521 835 546 e
863 521 980 546 causa
1008 508 1212 546 flammeus
1240 507 1355 544 ardor

142 572 330 612 Horribili
358 572 486 612 sonitu
514 573 627 611 silvas
657 573 839 611 exederat
868 572 953 610 altis

141 638 202 675 Ab
229 636 423 676 radicibus
452 646 490 676 et
518 645 658 676 terram
688 645 912 686 percoxerat
942 637 1033 686 igni,

142 702 331 742 Manabat
359 700 466 739 venis
495 701 730 738 ferventibus
759 700 799 737 in
828 701 915 738 loca
944 708 1067 738 terrae
1355 710 1453 748 1255

140 765 327 808 Concava
354 764 590 803 conveniens
618 763 765 813 argenti
792 763 894 801 rivus
923 772 960 802 et
989 763 1082 808 auri,

139 827 249 866 Aeris
277 827 370 866 item
399 836 437 865 et
464 826 624 876 plumbi.
684 827 797 874 Quae
827 840 915 864 cum
945 834 1128 865 concreta
1157 826 1342 864 videbant

140 891 335 930 Posterius
363 892 466 929 claro
495 891 535 928 in
564 898 663 929 terra
692 891 899 940 splendere
928 892 1068 937 colore,

138 958 348 996 Tollebant
377 955 502 994 nitido
531 954 634 1005 capti
662 955 816 1005 levique
846 957 991 1005 lepore,

138 1021 190 1058 Et
216 1020 247 1058 si
291 1006 523 1058 ili⁶ffirmata
551 1020 737 1058 videbant
766 1033 851 1058 esse
880 1022 1000 1069 figura
1354 1022 1454 1057 1260

137 1087 218 1134 Atq
248 1098 268 1123 e
296 1076 522 1123 lacunarum
550 1080 700 1123 fuerant
729 1085 889 1134 vestigia
917 1087 1066 1134 cuique.

137 1150 239 1186 Turn
268 1150 498 1198 penetrabat
528 1161 596 1186 eos
625 1161 740 1197 posse
768 1149 865 1186 haec
895 1148 1102 1197 liquefacta
1129 1150 1258 1187 calore

138 1212 362 1261 Quamlibet
390 1212 430 1250 in
458 1213 622 1250 formam
652 1220 689 1250 et
718 1213 857 1250 faciem
886 1214 1087 1251 decurrere
1115 1227 1241 1251 rerum

138 1277 394 1330 Et'prorsum
423 1275 599 1325 quamvis
627 1275 666 1313 in
696 1284 812 1314 acuta
839 1289 885 1314 ac
914 1275 1045 1314 tenuia
1072 1289 1187 1326 posse

139 1341 374 1378 Mucronum
404 1340 495 1378 duci
523 1338 683 1390 fastigia
702 1341 973 1389 procudendo,
1354 1344 1450 1390 1265

138 1405 195 1443 Ut
223 1404 296 1442 sibi
323 1406 402 1443 tela
429 1405 577 1450 darent,
609 1404 803 1453 silvasque
832 1412 875 1442 ut
903 1405 1067 1443 caedere
1095 1413 1257 1454 possent

139 1470 422 1519 Materiemque
450 1469 582 1508 dolare
611 1476 648 1508 et
676 1469 776 1507 levia
803 1469 936 1507 radere
965 1469 1072 1518 tigna

137 1536 188 1574 Et
217 1536 409 1573 terebrare
437 1533 553 1572 etiam
584 1546 630 1571 ac
658 1534 892 1582 pertundere
920 1546 1065 1582 perque
1093 1535 1225 1579 forare.

137 1599 224 1637 Nec
252 1596 381 1647 minus
409 1602 569 1645 argento
596 1596 722 1634 facere
750 1596 846 1633 haec
874 1608 1045 1645 auroque
1074 1597 1262 1645 parabant

137 1663 268 1711 Quam
295 1659 412 1699 validi
440 1659 608 1710 primum
636 1655 817 1698 violentis
847 1660 987 1699 viribus
1016 1661 1112 1699 aeris
1126 1675 1137 1707 3
1353 1674 1451 1711 1270

137 1717 396 1774 Nequiquam,
426 1723 609 1773 quoniam
640 1723 804 1761 cedebat
832 1723 933 1762 victa
960 1732 1134 1773 potestas

137 1791 224 1829 Nec
251 1796 403 1839 poterat
431 1788 574 1838 pariter
600 1782 739 1826 durum
769 1790 925 1827 sufferre
952 1790 1136 1829 laborem.

137 1855 240 1892 Tum
268 1853 339 1892 fuit
367 1853 406 1891 in
435 1852 560 1902 pretio
589 1851 712 1901 magis
741 1865 806 1890 aes
835 1866 1051 1902 aurumque
1080 1853 1233 1893 iacebat

138 1916 574 1967 Proptersinutilitatem
603 1915 734 1954 hebeti
760 1929 946 1955 mucrone
973 1925 1155 1956 retusum.

137 1983 254 2019 Nunc
273 1981 373 2019 iacet
391 1993 468 2028 aes,
490 1993 624 2018 aurum
645 1979 684 2017 in
705 1993 900 2018 summurn
921 1973 1104 2020 successit
1123 1983 1323 2021 honorem.
1351 1995 1447 2033 1275

137 2042 200 2082 Sic
227 2044 420 2082 volvenda
448 2050 555 2081 aetas
583 2050 799 2081 commutat
829 2050 1004 2093 tempora
1032 2058 1169 2084 rerum.

137 2108 258 2156 Quod
284 2107 355 2145 fuit
381 2107 422 2144 in
450 2106 586 2157 pretio,
617 2109 659 2145 fit
687 2108 795 2145 nullo
825 2108 995 2157 denique
1023 2110 1196 2159 honore;

139 2173 258 2210 Porro
285 2170 390 2209 aliud
418 2172 593 2210 succedit
621 2179 658 2209 et
687 2185 708 2209 e
736 2172 1026 2222 contemptibus
1054 2173 1132 2212 exit

139 2237 265 2285 Inque
293 2234 377 2272 dies
406 2234 527 2284 magis
555 2235 749 2285 adpetitur
776 2236 963 2285 floretque
989 2244 1182 2287 repertum
