1648 2452
511 79 699 117 LIBER
741 79 1016 128 QUINTUS.
1377 95 1426 130 43

104 161 220 200 Tibia
248 175 345 212 quas
373 162 502 201 fundit
530 163 660 213 digitis
688 165 842 214 pulsata
870 172 1093 212 canentum,
1326 169 1423 217 1385

102 226 205 264 Avia
231 239 301 276 per
327 240 489 266 nemora
517 241 562 266 ac
591 228 705 267 silvas
734 231 935 279 saltusque
963 219 1126 278 reperta,

104 290 180 327 Per
206 291 293 328 loca
320 298 521 340 pastorum
550 293 704 331 deserta
732 301 850 342 atque
879 293 960 331 otia
989 293 1064 331 dia.

107 355 220 393 Haec
247 355 401 394 animos
429 356 516 395 ollis
543 359 771 396 mulcebant
799 365 918 406 atque
947 357 1133 395 iuvabant
1326 370 1426 405 1390

104 418 208 456 Cum
237 419 373 458 satiate
401 419 478 458 cibi
492 434 502 467 3
539 433 631 458 nam
661 428 743 458 tum
772 422 870 459 haec
898 428 989 458 sunt
1017 420 1152 459 omnia
1180 420 1299 458 cordi.

103 483 228 532 Saepe
256 483 388 533 itaque
416 484 516 523 inter
544 498 585 523 se
614 485 794 534 prostrati
823 486 863 522 in
891 485 1066 534 gramine
1096 484 1204 522 molli

103 545 267 597 Propter
294 561 419 598 aquae
448 551 572 587 rivum
602 550 673 588 sub
702 549 819 587 ramis
848 549 995 587 arboris
1024 551 1125 588 altae

103 613 208 649 Non‘
226 612 376 662 magnis
405 613 547 662 opibus
575 613 745 652 iucunde
774 625 939 662 corpora
967 614 1177 661 habebant,

102 675 332 714 Praesertim
361 689 450 714 cum
480 685 690 726 tempestas
720 677 871 715 ridebat
902 685 940 715 et
968 677 1061 714 anni
1329 688 1425 726 1395

102 741 301 790 Tempora
328 741 542 791 pingebant
570 742 781 780 viridantes
810 741 969 780 floribus
998 743 1148 780 herbas.

102 806 205 842 Tum
234 805 331 853 ioca,
362 814 443 844 tum
475 820 614 854 sermo,
643 798 725 845 tum
755 808 890 846 dulces
921 820 1004 845 esse
1034 807 1216 845 cachinni

103 871 361 909 Consuerant.
420 871 594 921 Agrestis
624 871 730 909 enirn
759 878 841 909 tum
871 884 982 909 musa
1010 871 1164 920 vigebat
1180 885 1191 918 3

102 935 206 972 Tum
235 927 353 985 caput
381 942 499 986 atque
527 948 683 991 umeros
711 935 834 985 plexis
863 935 1044 974 redimire
1072 935 1227 974 coronis

104 998 282 1037 Floribus
311 1006 349 1038 et
377 1000 479 1038 foliis
508 1000 666 1038 lascivia
694 1001 797 1039 laeta
826 1001 1024 1046 monebat,
1329 1013 1428 1045 1400

102 1064 233 1112 Atque
262 1071 370 1102 extra
398 1069 605 1111 numerum
635 1065 850 1114 procedere
880 1066 1056 1102 membra
1084 1072 1287 1102 moventes

104 1126 262 1166 Duriter
288 1135 327 1166 et
356 1128 454 1166 duro
482 1135 623 1167 terram
653 1129 754 1177 pede
783 1129 927 1177 pellere
957 1135 1120 1165 matrem
1134 1143 1145 1175 3

104 1192 226 1231 Unde
255 1191 479 1231 oriebantur
507 1192 604 1231 risus
633 1193 846 1241 dulcesque
874 1191 1068 1239 cachinni,

104 1255 250 1294 Omnia
278 1257 388 1305 quod
415 1269 518 1295 nova
546 1265 629 1295 tum
657 1257 781 1306 magis
810 1258 907 1294 haec
937 1264 975 1295 et
1003 1256 1100 1293 mira
1128 1256 1321 1306 vigebant.

105 1322 156 1359 Et
183 1320 432 1370 vigilantibus
461 1321 552 1359 hinc
580 1323 742 1360 aderant
772 1321 915 1359 solacia
944 1321 1083 1366 somni,
1331 1333 1427 1370 1405

104 1387 260 1424 Ducere
289 1382 532 1425 multimodis
561 1400 679 1429 voces
708 1394 747 1425 et
775 1388 932 1445 flecjere
961 1393 1100 1424 cantus

104 1450 157 1487 Et
185 1462 325 1499 supera
351 1452 524 1489 calamos
552 1464 655 1490 unco
684 1464 907 1500 percurrere
935 1451 1045 1488 labro
1059 1465 1069 1497 3

105 1515 227 1553 Unde
256 1514 373 1553 etiam
401 1515 537 1565 vigiles
566 1529 672 1553 nunc
700 1516 798 1554 haec
827 1523 988 1564 accepta
1015 1506 1174 1557 tuentur

106 1580 157 1616 Et
185 1569 392 1617 numerum
421 1593 571 1618 servare
600 1593 735 1619 recens
764 1579 948 1626 didicere,
979 1593 1109 1628 neque
1138 1579 1218 1617 hilo

108 1643 301 1682 Maiorem
329 1643 478 1683 interea
505 1645 667 1695 capiunt
694 1645 905 1683 dulcedini'
933 1646 1101 1683 fructum
1332 1658 1431 1691 1410

106 1707 237 1755 Quam
267 1709 438 1748 silvestre
467 1722 590 1759 genus
620 1711 801 1759 capiebat
830 1710 1115 1760 terrigenarum.

106 1772 216 1813 Nam
243 1775 351 1824 quod
380 1775 492 1813 adest
519 1782 686 1824 praesto,
717 1774 789 1813 nisi
819 1774 914 1824 quid
943 1774 1200 1824 cognovimus
1228 1782 1319 1813 ante

107 1837 282 1885 Suavius,
310 1837 351 1875 in
380 1837 514 1888 primis
543 1839 670 1888 placet
700 1846 738 1876 et
767 1839 916 1887 pollere
944 1837 1112 1886 videtur,

108 1901 381 1951 Posteriorque
408 1903 487 1940 fere
515 1891 652 1940 melior
680 1915 740 1940 res
769 1901 836 1939 illa
863 1893 1015 1951 reperta

108 1965 240 2004 Perdit
267 1972 306 2003 et
334 1964 514 2003 immutat
543 1978 681 2003 sensus
710 1966 762 2003 ad
790 1964 952 2014 pristina
981 1977 1172 2013 quaeque.
1332 1977 1427 2014 1415

107 2028 171 2068 Sic
198 2030 333 2068 odium
362 2028 492 2078 coepit
520 2029 687 2078 glandis,
719 2028 775 2066 sic
803 2029 869 2066 illa
897 2029 1032 2067 relicta

107 2093 234 2131 Strata
260 2091 404 2130 cubilia
432 2099 521 2130 sunt
550 2091 680 2130 herbis
709 2100 747 2131 et
775 2092 979 2130 frondibus
1009 2099 1131 2129 aucta„

109 2156 225 2195 Pellis
253 2155 348 2194 item
376 2155 518 2194 cecidit
546 2156 663 2194 vestis
692 2162 923 2205 contempta
950 2155 1093 2194 ferinae
1108 2168 1120 2202 3
