1648 2452
590 100 775 137 LIBER
817 100 1088 147 QUINTUS.

185 187 235 223 Et
264 185 380 223 simul
408 184 449 222 in
478 183 627 222 somnis
655 182 748 231 quia
775 185 900 221 multa
928 191 966 221 et
995 183 1092 221 mira
1119 182 1307 221 videbant

184 249 348 287 Efficere
376 254 415 285 et
444 247 595 284 nullum
624 259 764 295 capere
791 246 897 296 ipsos
926 246 1018 285 inde
1046 247 1232 284 laborem.

183 314 386 365 Praeterea
414 310 511 349 caeli
538 311 708 348 rationes
737 311 874 349 ordine
903 319 1008 350 certo

183 377 234 413 Et
261 375 366 412 varia
394 386 585 412 annorum
616 375 829 412 cernebant
860 382 1038 423 tempora
1067 374 1163 413 verti

182 441 268 477 rtec
296 446 476 488 poterant
504 438 645 486 quibus
674 437 714 475 ni
742 439 852 476 fieret
882 451 1118 487 cognoscere
1147 439 1282 476 causis

182 505 284 553 Ergo
313 501 530 552 perfugium
560 501 634 539 sibi
663 502 863 539 habebant
892 502 1025 539 omnia
1053 502 1152 539 divis

180 568 350 606 Tradere
380 574 418 605 et
445 565 600 604 illorum
629 574 727 603 nutu
758 568 884 605 facere
914 567 1047 604 omnia
1075 567 1187 605 flecti.

181 632 229 669 In
257 632 445 679 caeloque
474 631 593 668 deum
622 631 735 668 sedes
764 638 803 668 et
831 632 978 680 templa
1008 633 1196 679 locarunt,

182 698 254 734 Per
281 696 434 734 caelum
462 694 564 733 volvi
593 694 685 743 quia
715 707 793 732 nox
821 702 859 733 et
888 697 982 733 luna
1010 696 1179 743 videtur,

181 761 292 796 Luna
319 758 402 796 dies
431 765 470 795 et
499 771 578 796 nox
607 765 645 794 et
674 758 800 796 noctis
830 758 938 808 signa
968 771 1101 797 severa

181 822 498 871 rffocuvagaeque
525 822 629 864 faces
659 820 756 858 caefi
789 821 1046 881 flannnaeque
1076 824 1266 868 vokustes‚

180 885 327 924 Nubila
354 887 412 924 sol
441 885 584 923 imbres
613 884 680 922 nix
708 886 814 923 venti
845 887 1008 924 fulmina
1036 888 1184 935 grando

180 952 231 988 Et
258 950 384 1000 rapidi
412 950 585 988 fremitus
615 958 654 987 et
683 963 878 988 murmura
907 964 1048 1000 magna
1077 951 1282 989 minarum.

233 1016 269 1054 O
297 1027 419 1064 genus
447 1013 580 1052 infelix
607 1014 834 1062 humanum,
867 1015 959 1052 talia
987 1015 1085 1055 divis

181 1080 282 1117 Cum
312 1077 446 1116 tribuit
474 1078 576 1114 facta
604 1085 723 1126 atque
752 1079 826 1116 iras
855 1078 1032 1115 adiunxit
1062 1079 1247 1116 acerbas!

180 1143 361 1191 Quantos
389 1149 472 1179 tum
500 1141 667 1190 gemitus
697 1140 770 1190 ipsi
800 1140 883 1186 sibi,
914 1149 1141 1190 quantaque
1174 1142 1286 1179 nobis

178 1207 362 1252 Volnera,
391 1218 488 1254 quas
517 1204 694 1243 lacrimas
723 1218 908 1254 peperere
938 1205 1145 1243 minoribu'
1177 1207 1342 1243 nostris!

180 1271 265 1308 Nec
293 1268 416 1318 pietas
444 1269 559 1306 ullast
587 1269 755 1306 velatum
788 1281 907 1318 saepe
936 1268 1058 1306 videri

178 1334 330 1374 Vertier
357 1335 407 1372 ad
435 1333 607 1382 lapidem
638 1342 755 1382 atque
785 1346 922 1371 omnes
951 1334 1139 1371 accedere
1168 1334 1218 1371 ad
1246 1347 1331 1371 aras

180 1400 266 1437 Nec
284 1399 539 1448 procumbere
560 1397 668 1435 humi
688 1388 922 1446 prostratum
943 1405 980 1435 et
1000 1398 1172 1446 pandere
1191 1399 1340 1446 palmas

179 1466 283 1501 Ante
311 1463 428 1500 deum
458 1463 619 1500 delubra
648 1474 721 1499 nec
750 1475 833 1498 aras
863 1462 1050 1510 sanguine
1081 1463 1202 1500 multo

179 1529 366 1577 Spargere
394 1527 695 1580 quadrupedum
726 1539 799 1564 nec
828 1527 929 1564 votis
958 1534 1113 1564 nectere
1143 1534 1247 1573 vota,

179 1593 258 1631 Sed
286 1603 398 1641 mage
426 1598 566 1640 pacata
594 1603 710 1639 posse
740 1591 872 1628 omnia
901 1599 1032 1629 mente
1062 1591 1170 1628 tueri.

181 1658 283 1693 Nam
312 1667 402 1693 cum
432 1653 664 1703 suspicimus
693 1654 824 1702 magni
853 1655 1034 1692 caelestia
1063 1655 1201 1692 mundi

179 1720 356 1768 Templa,
387 1731 502 1767 super
520 1717 725 1766 'stellisque
754 1708 988 1755 micantibus
1017 1720 1174 1756 aethera
1203 1720 1334 1765 fixum,

181 1785 232 1822 Et
259 1782 365 1822 venit
393 1782 433 1820 in
462 1789 634 1820 mentem
664 1782 756 1819 solis
785 1783 979 1830 lunaeque
1006 1782 1163 1829 viarum,

180 1849 294 1886 Tunc
321 1846 405 1884 aliis
434 1859 622 1895 oppressa
650 1845 762 1883 malis
790 1844 831 1882 in
861 1853 1022 1894 pectora
1050 1859 1140 1883 cura

182 1914 255 1950 Illa
281 1924 439 1961 quoque
468 1911 781 1959 expergefactum
810 1917 927 1959 caput
956 1909 1100 1959 erigere
1128 1910 1224 1957 infit,

183 1978 348 2026 Nequae
374 1976 472 2028 forte
501 1976 619 2013 deum
649 1974 764 2012 nobis
792 1973 971 2023 inmensa
999 1981 1173 2023 potestas

182 2040 249 2087 Sit,
278 2038 384 2078 var-lo
413 2045 523 2076 motu
552 2051 652 2086 quae
681 2038 850 2075 candida
879 2037 1005 2075 sidera
1032 2045 1169 2075 verset.

183 2106 369 2152 Temptat
397 2104 500 2140 enim
529 2101 690 2139 dubiam
719 2109 892 2139 mentem
921 2101 1081 2139 rationis
1110 2108 1273 2152 egestas,

185 2168 436 2215 Ecquaenam
465 2165 577 2203 fuerit
606 2164 743 2202 mundi
770 2163 948 2213 genitalis
978 2163 1096 2212 origo,

186 2232 236 2268 Et
264 2230 379 2267 simul
407 2242 554 2277 ecquae
583 2227 631 2266 sit
658 2228 757 2273 finis,
788 2229 918 2277 quoad
947 2228 1104 2266 moenia
1131 2227 1267 2266 mundi

1450 112 1495 148 37

1400 441 1495 489 1185

1400 773 1500 810 1190

1398 1091 1494 1128 1195

1401 1411 1498 1434 1200

1398 1731 1494 1769 1205

1400 2051 1500 2075 1210
