1648 2452
239 104 289 140 30
585 93 672 130 DE
709 94 939 131 RERUM
969 95 1219 133 NATURA

239 176 406 216 Lubrica
434 177 610 227 proluvie
638 179 743 227 larga
771 179 898 217 lavere
927 179 1062 218 umida
1090 193 1191 227 saxa,

219 240 387 280 'Umida
414 254 516 287 saxa,
547 254 662 290 super
688 240 799 280 viridi
829 242 1015 280 stillantia
1042 256 1190 291 musco,
1221 259 1227 266 ‘

237 306 288 343 Et
316 304 455 354 partim
483 306 601 354 plano
629 313 779 344 scatere
808 313 926 354 atque
955 320 1156 357 erumpere
1186 321 1335 359 campo.

237 369 419 407 Necdum
448 383 508 408 res
537 356 615 424 igni
645 369 797 408 scibant
825 378 989 409 tractare
1018 384 1147 421 neque
1175 372 1231 410 uti

238 434 409 472 Pellibus
437 442 475 472 et
504 434 637 484 spoliis
666 448 809 485 corpus
837 436 976 474 vestire
1005 437 1182 483 ferarum,

236 498 313 535 Sed
341 509 503 536 nemora
530 505 648 547 atque
676 511 793 536 cavos
822 505 977 537 montes
1006 499 1200 548 silvasque
1229 501 1410 538 colebant

238 563 288 599 Et
315 561 471 600 frutices
498 561 599 600 inter
627 563 852 601 condebant
881 562 1061 612 squalida
1089 565 1264 602 membra

235 626 410 664 Verbera
437 633 641 664 ventorum
671 626 791 665 vitare
820 626 1043 676 imbresque
1072 627 1209 665 coacti.

237 692 323 728 Nec
352 704 561 730 commune
589 691 739 729 bonum
767 699 949 741 poterant
977 700 1152 742 spectare
1181 705 1310 742 neque
1338 693 1424 732 ullis

237 755 417 794 Moribus
445 756 544 794 inter
572 769 614 795 se
643 757 795 795 scibant
823 770 898 796 nec
925 757 1076 807 legibus
1105 758 1170 798 uti.

236 819 355 868 Quod
385 819 525 869 cuique
554 822 746 860 obtulerat
775 823 945 871 praedae
974 823 1139 868 fortuna,
1170 822 1317 860 ferebat

235 884 384 933 Sponte
412 898 482 922 sua
510 883 583 923 sibi
613 885 778 934 quisque
807 887 934 924 valere
964 893 1001 924 et
1029 885 1157 924 vivere
1186 886 1333 924 doctus.

236 951 286 988 Et
315 951 452 988 Venus
481 950 519 988 in
551 950 656 989 silvis
685 951 871 1001 iungebat
899 964 1064 1001 corpora
1091 958 1288 988 amantum
1304 964 1313 997 3

236 1013 484 1052 Conciliabat
512 1014 617 1053 enim
646 1016 708 1053 vel
737 1023 873 1053 mutua
902 1027 1098 1064 quamque
1126 1014 1273 1063 cupido

234 1079 309 1116 Vel
336 1078 515 1127 pretium,
545 1078 705 1127 glandes
735 1086 854 1128 atque
883 1077 1008 1116 arbita
1036 1078 1098 1115 vel
1126 1077 1211 1126 pira
1239 1078 1388 1115 lectam
1412 1082 1414 1085 ’

237 1144 286 1180 Et
314 1155 501 1179 manuum
529 1142 623 1180 mira
654 1142 739 1181 freti
767 1142 909 1181 virtute
938 1143 1166 1191 pedumque

235 1207 576 1246 Consectabantur
605 1206 792 1245 silvestria
821 1208 949 1245 saecla
977 1207 1142 1245 ferarum

236 1268 452 1307 Missilibus
481 1268 582 1307 saxis
612 1277 650 1308 et
679 1282 822 1320 magno
852 1270 1026 1319 pondere
1055 1270 1187 1307 clavae
1202 1282 1214 1316 3
1240 1278 1243 1282 ’

237 1333 444 1382 Multaque
471 1333 694 1379 vincebant,
724 1334 900 1372 vitabant
928 1346 1054 1383 pauca
1081 1332 1238 1371 latebris
1252 1346 1262 1379 3

235 1396 520 1447 SaetIgerisque
548 1411 659 1447 pares
688 1399 798 1436 subu’
828 1397 882 1436 sic
911 1396 1100 1436 silvestria
1128 1397 1303 1435 membra

236 1461 354 1498 Nuda
381 1461 529 1499 dabant
559 1469 680 1499 terrae
708 1469 902 1500 nocturno
931 1469 1108 1511 tempore
1136 1460 1252 1510 capti,

235 1525 394 1564 Circum
423 1538 465 1564 se
493 1526 594 1563 foliis
622 1539 668 1563 ac
696 1525 899 1564 frondibus
927 1525 1180 1564 involventes.

234 1591 321 1628 Nec
349 1590 538 1639 plangore
566 1589 671 1628 diem
700 1603 844 1639 magno
872 1591 1076 1639 solemque
1104 1602 1174 1639 per
1202 1601 1314 1638 agros

234 1653 487 1701 Quaerebant
513 1652 646 1702 pavidi
674 1653 853 1702 palantes
882 1654 1009 1691 noctis
1037 1652 1077 1690 in
1106 1651 1265 1699 umbris,

233 1718 312 1756 Sed
339 1716 445 1756 taciti
472 1719 746 1767 respectabant
776 1730 996 1766 somnoque
1024 1715 1180 1766 sepulti,

234 1782 341 1819 Dum
369 1793 480 1820 rosea
508 1782 592 1820 face
621 1782 681 1819 sol
708 1780 867 1819 inferret
895 1780 1046 1819 lumina
1074 1780 1196 1817 caelo.

233 1847 269 1883 A
297 1844 424 1894 parvis
453 1846 561 1895 quod
589 1844 694 1884 enim
723 1852 960 1884 consuerant
988 1856 1146 1882 cernere
1175 1855 1328 1893 semper

233 1910 395 1947 Alterno
424 1910 605 1948 tenebras
634 1917 672 1947 et
700 1909 829 1947 lucem
858 1915 1037 1957 tempore
1064 1906 1181 1956 gigni,

234 1974 327 2012 Non
356 1980 437 2011 erat
465 1981 506 2011 ut
534 1973 616 2012 fieri
644 1980 777 2023 posset
805 1972 976 2011 mirarier
1004 1983 1191 2021 umquam

234 2039 321 2076 Nec
349 2038 526 2076 diffidere
554 2050 605 2076 ne
633 2045 752 2076 terras
780 2044 938 2075 aeterna
966 2042 1116 2074 teneret

235 2102 325 2139 Nox
352 2100 393 2138 in
420 2108 652 2150 perpetuum
681 2101 857 2138 detracto
885 2098 1033 2136 lumine
1061 2098 1164 2136 solis.

233 2164 308 2202 Sed
338 2163 461 2212 magis
489 2163 585 2200 illud
613 2170 694 2201 erat
722 2174 848 2209 curae,
879 2161 988 2210 quod
1018 2161 1146 2198 saecla
1173 2160 1339 2198 ferarum

237 2229 422 2266 Infestam
451 2226 599 2266 miseris
626 2226 821 2265 faciebant
849 2238 966 2275 saepe
993 2224 1175 2274 quietem.

1480 196 1557 232 950

1480 512 1553 550 955

1480 825 1556 870 960

1479 1078 1553 1126 965

1478 1410 1554 1446 970

1477 1727 1549 1765 975

1473 2038 1550 2084 980
