1648 2452
579 84 766 121 LIBER
809 83 1084 132 QUINTUS

171 169 455 209 Immortalibu'
483 169 533 208 de
563 169 662 208 divis
691 170 785 208 dare
815 169 921 208 dicta
949 169 1068 221 suerit

168 236 300 283 Atque
327 245 486 271 omnem
514 246 642 271 rerum
670 241 849 272 naturam
877 235 1050 283 pandere
1079 233 1203 273 dictis.

223 298 345 338 Cuius
374 310 447 348 ego
476 298 670 348 ingressus
697 298 860 349 vestigia
888 300 981 337 dum
1011 300 1181 338 rationes

170 364 388 410 Persequor
415 368 461 400 ac
489 363 616 402 doceo
646 362 772 410 dictis,
804 376 884 412 quo
914 376 1093 413 quaeque
1122 372 1251 402 creata

169 427 345 465 Foedere
374 426 460 473 sint,
491 427 532 465 in
561 439 610 466 eo
639 439 757 476 quam
789 427 837 465 sit
866 428 1005 465 durare
1034 440 1240 466 necessum

171 491 256 529 Nec
284 489 432 528 validas
461 491 616 528 valeant
647 490 731 529 aevi
761 490 982 528 rescindere
1010 491 1126 539 leges,

122 572 123 575 ¹
170 555 261 603 Quo
289 567 430 605 genere
459 554 498 592 in
527 554 662 605 primis
691 555 811 593 animi
840 562 978 593 natura
1006 563 1157 605 reperta
1185 564 1244 595 est

170 618 315 658 Nativo
342 618 512 668 primum
540 619 753 657 consistere
783 631 947 668 corpore
976 627 1080 658 creta
1114 639 1116 641 >
1228 638 1270 662 <⁷X

169 685 257 722 Nec
284 696 401 733 posse
428 682 635 722 incolumis
665 697 849 734 magnum
880 685 1018 723 durare
1047 698 1119 734 per
1146 693 1298 736 aevum,

169 749 246 788 Sed
273 749 478 787 simulacra
505 750 629 787 solere
657 748 696 786 in
727 748 875 786 somnis
904 750 1035 788 fallere
1064 752 1279 796 menten1‚·‘

169 815 338 854 Cernere
367 827 456 852 cum
485 814 686 852 videamur
714 827 804 852 eum
834 827 953 863 quem
982 814 1062 852 vita
1089 815 1255 864 reliquit,

145 880 290 928 *Quod
318 886 505 929 superest,
534 892 640 917 nunc
668 880 747 917 huc
776 878 935 917 rationis
965 879 1103 918 detulit
1133 881 1242 926 ordo,

118 974 127 979 c
169 945 226 982 Ut
255 943 350 981 mihi
377 943 532 982 mortali
560 942 774 981 consistere
803 956 966 992 corpore
995 945 1187 982 mundum

170 1007 436 1058 Nativumque
465 1007 580 1045 simul
609 1007 707 1046 ratio
736 1008 943 1046 reddunda
971 1007 1019 1046 sit
1050 1020 1134 1046 esse
1148 1023 1158 1055 5

168 1074 221 1111 Et
249 1072 393 1122 quibus
421 1072 486 1111 ille
514 1072 642 1110 modis
671 1085 903 1121 congressus
934 1072 1108 1110 materiai

169 1135 357 1175 Fundarit
384 1143 526 1175 terram
555 1137 708 1174 caelum
737 1148 844 1174 mare
873 1135 999 1173 sidera
1028 1137 1150 1174 solem

170 1200 374 1251 Lunaique
401 1201 588 1251 globum3
626 1208 710 1238 tum
740 1213 839 1249 quae
869 1201 1004 1239 tellure
1034 1201 1253 1239 animantes

169 1265 388 1313 Extiterint‚
419 1273 457 1304 et
486 1278 587 1315 quae
615 1267 723 1303 nullo
753 1265 829 1302 sint
858 1273 1035 1314 tempore
1064 1274 1180 1304 natae
1194 1281 1204 1313 3

169 1333 310 1381 Quove
338 1332 460 1369 modo
487 1343 610 1379 genus
639 1331 856 1368 humanum
885 1330 1058 1368 variante
1087 1331 1258 1380 loquella

170 1396 354 1446 Coeperit
382 1395 482 1434 inter
510 1409 551 1434 se
579 1396 684 1442 vesci
713 1409 783 1444 per
811 1395 972 1434 nomina
1000 1409 1127 1434 rerum
1142 1411 1152 1443 3

169 1463 221 1500 Et
249 1460 390 1511 quibus
418 1460 483 1498 ille
512 1460 639 1498 modis
669 1460 802 1499 divom
833 1469 960 1498 metus
988 1460 1193 1499 insinuarit

170 1527 345 1572 Pectora,
374 1532 561 1563 terrarum
591 1525 658 1574 qui
686 1525 725 1563 in
756 1525 840 1564 orbi
870 1533 1005 1564 sancta
1033 1532 1163 1564 tuetur

170 1592 280 1629 Fana
305 1592 412 1628 lacus
441 1591 550 1628 lucos
579 1603 663 1628 aras
693 1590 981 1640 simulacraque
1011 1590 1154 1629 divom.

169 1657 373 1694 Praeterea
401 1655 492 1692 solis
521 1667 655 1692 cursus
684 1655 879 1704 lunaeque
908 1664 1058 1694 meatus

171 1706 388 1770 Expediam
416 1732 495 1769 qua
522 1719 559 1757 vi
587 1720 717 1758 flectat
746 1728 883 1759 natura
910 1723 1131 1771 gubernans
1145 1736 1156 1770 5

171 1785 235 1822 Ne
263 1786 361 1823 forte
389 1785 488 1823 haec
516 1783 616 1823 inter
644 1786 795 1823 caelum
825 1793 1045 1836 terramque
1073 1800 1226 1825 reamur

171 1844 313 1884 Libera
342 1852 484 1894 sponte
512 1858 582 1883 sua
610 1858 745 1884 cursus
774 1848 936 1886 lustrare
964 1861 1157 1897 perennes

172 1908 370 1965 Morigera
398 1909 448 1947 ad
477 1909 605 1959 fruges
634 1911 833 1960 augendas
861 1919 980 1961 atque
1007 1911 1237 1958 animantes,

171 1975 284 2013 Neve
312 1972 444 2022 aliqua
472 1972 605 2011 divum
634 1974 738 2012 volvi
767 1973 917 2013 ratione
947 1982 1141 2024 putemus.

173 2039 278 2077 Nam
306 2037 408 2076 bene
436 2038 504 2088 qui
532 2037 705 2077 didicere
734 2040 831 2078 deos
860 2052 1039 2078 securum
1069 2053 1183 2089 agere
1212 2053 1362 2088 aevom,

173 2102 214 2142 Si
241 2092 374 2142 tamen
402 2102 550 2142 interea
578 2103 767 2142 mirantur
795 2116 872 2153 qua
900 2103 1050 2143 ratione

121 2199 125 2202 .
174 2168 368 2218 Quaeque
395 2168 475 2218 geri
503 2168 668 2218 possint,
697 2169 925 2219 praesertim
954 2170 1069 2207 rebus
1099 2169 1139 2207 in
1166 2169 1240 2208 illis

175 2232 288 2280 Quae
317 2244 456 2298 supera
483 2240 601 2282 caput
629 2231 809 2271 aetheriis
838 2240 1049 2270 cernuntur
1077 2232 1116 2270 in
1147 2232 1233 2280 oris,

1442 312 1489 351 55

1443 622 1493 658 60

1447 1279 1495 1315 70

1448 1605 1491 1641 75

1445 1914 1495 1950 80
