1648 2452
518 89 706 126 LIBER
747 88 1023 136 QUINTUS,

111 172 366 212 Consimilem
394 187 606 224 cursusque
635 174 738 214 viam
767 176 841 214 sub
870 177 953 214 sole
982 182 1124 222 tenere.

110 237 180 274 Est
209 236 326 275 etiam
355 250 474 287 quare
502 238 658 287 proprio
688 251 778 276 cum
807 238 954 277 lumine
982 238 1106 288 possit

109 299 267 338 Volvier
296 307 332 338 et
361 300 483 338 varias
512 301 731 350 splendoris
760 302 924 341 reddere
953 303 1105 341 formas.

108 363 261 412 Corpus
289 364 393 402 enim
421 364 512 403 licet
540 378 624 404 esse
653 365 759 404 aliud
789 367 897 415 quod
925 367 1043 405 fertur
1072 375 1111 405 et
1139 380 1215 405 una

110 427 269 465 Labitur
297 427 536 467 omnimodis
565 442 772 467 occursans
802 429 1055 479 officiensque

107 491 193 528 Nec
221 491 324 539 potis
354 499 412 530 est
439 492 556 539 cerni,
587 493 679 542 quia
706 506 861 532 cassum
890 495 1035 532 lumine
1063 495 1190 533 fertur.
1246 499 1262 503 ”

106 555 336 605 Versarique
365 564 504 606 potest,
534 558 674 607 globus
703 565 757 604 ut,
788 558 819 596 si
849 560 959 606 forte,
989 557 1083 608 pilai

107 618 280 658 Dimidia
308 633 356 658 ex
384 620 485 669 parti
513 621 699 659 candenti
727 621 873 660 lumine
902 621 1058 668 tinctus,

105 684 390 733 Versandoque
418 685 580 734 globum
608 686 799 723 variantes
830 687 946 724 edere
975 687 1130 732 formas,

105 747 290 798 Donique
318 763 404 788 eam
432 757 593 800 partem,
624 763 896 800 quaecumque
924 758 981 789 est
1010 751 1164 800 ignibus
1193 758 1315 799 aucta,

105 813 166 850 Ad
196 813 367 862 speciem
397 814 510 852 vertit
537 815 651 853 nobis
680 815 894 863 oculosque
923 822 1124 864 patentes;

105 877 206 915 Inde
234 876 454 916 minutatim
484 884 585 916 retro
615 885 849 927 contorquet
879 885 916 916 et
945 879 1070 917 aufert
1144 928 1146 932 .

105 940 322 979 Luciferam
352 949 503 991 partem
532 941 821 991 glomeraminis
851 949 968 991 atque
997 941 1137 991 pilai3s
1172 963 1175 966 >

104 1005 160 1042 Ut
189 1005 428 1055 Babylonica
457 1006 701 1044 Chaldaeum
732 1006 910 1044 doctrina
939 1006 1110 1044 refutans

102 1069 396 1118 Astrologorum
425 1076 548 1107 artem
578 1077 713 1107 contra
742 1069 973 1107 convincere
1003 1069 1138 1115 tendit,

102 1132 271 1172 Proinde
299 1134 407 1182 quasi
437 1133 477 1171 id
505 1133 586 1172 fieri
615 1142 785 1183 nequeat
815 1135 921 1183 quod
951 1142 1099 1184 pugnat
1129 1141 1290 1184 uterque

102 1199 182 1236 Aut
209 1197 337 1239 minus
366 1198 454 1249 hoc¹
471 1197 538 1259 illo
568 1197 615 1235 sit
644 1211 713 1235 cur
742 1196 967 1247 amplectier
995 1199 1110 1237 ausis.
1138 1201 1140 1204 ’

105 1258 283 1312 Denique
312 1275 380 1300 cur
408 1270 579 1311 nequeat
607 1275 762 1311 semper
791 1275 893 1300 nova
921 1263 1014 1300 luna
1042 1262 1162 1301 creari

102 1318 253 1365 Ordine
278 1327 486 1365 formarum
516 1334 623 1365 certo
651 1327 845 1376 certisque
874 1326 1003 1376 figuris

105 1392 232 1441 Inque
261 1391 346 1430 dies
374 1391 504 1440 privos
533 1386 699 1430 aborisci
728 1404 907 1440 quaeque
937 1400 1066 1430 creata

102 1457 231 1504 Atque
259 1455 334 1493 alia
362 1455 465 1494 illius
493 1456 658 1505 reparari
687 1456 726 1493 in
756 1463 864 1505 parte
893 1457 1072 1506 locoque,

102 1518 307 1557 Difficilest
334 1519 484 1557 ratione
514 1520 654 1558 docere
684 1527 722 1558 et
750 1521 904 1557 vincere
933 1519 1073 1566 verbis,

48 1598 51 1609 ’-
101 1582 249 1622 Ordine
277 1595 367 1620 cum
395 1582 548 1632 possint
577 1590 656 1620 tam
686 1590 793 1621 certo
822 1584 944 1621 multa
972 1582 1101 1621 creari.

103 1648 140 1684 It
168 1659 235 1684 ver
263 1654 302 1685 et
329 1648 475 1694 Venus,
507 1654 546 1686 et
574 1647 737 1685 Veneris
766 1648 1023 1696 praenuntius
1051 1655 1141 1686 ante

102 1710 300 1748 Pennatus
328 1711 510 1760 graditur,
542 1711 700 1760 zephyri
728 1711 891 1760 vestigia
918 1720 1077 1761 propter

102 1775 217 1812 Flora
245 1774 386 1824 quibus
416 1782 538 1813 mater
566 1788 846 1825 praespargens
875 1783 965 1814 ante
993 1776 1069 1814 viai

102 1838 255 1876 Cuncta
282 1838 476 1877 coloribus
507 1838 668 1888 egregiis
697 1846 736 1878 et
764 1839 950 1878 odoribus
981 1841 1128 1889 opplet.

103 1903 202 1941 Inde
230 1902 307 1941 loci
336 1901 510 1965 sequitur
537 1904 643 1941 calor
670 1902 800 1941 aridus
829 1911 867 1942 et
895 1916 1028 1942 comes
1058 1917 1135 1942 una

15 1965 52 1983 '
104 1967 377 2006 Pulverulenta
406 1969 525 2007 Ceres
555 1975 593 2006 et
622 1967 741 2006 etesia
770 1968 890 2006 flabra
918 1968 1160 2017 aquilonum.

103 2030 204 2069 Inde
230 2038 438 2070 autumnus
467 2032 560 2079 adit,
588 2031 759 2081 graditur
788 2031 902 2069 simul
931 2032 1082 2070 Euhius
1113 2034 1234 2087 Euan.

104 2094 203 2131 Inde
231 2093 329 2133 aliae
356 2102 607 2144 tempestates
636 2095 821 2144 ventique
851 2103 1076 2145 sequuntur,

102 2159 564 2213 AltitonansgVolturnus
594 2167 632 2199 et
660 2168 791 2199 auster
818 2161 980 2199 fulmine
1008 2162 1171 2211 pollens.

103 2221 284 2259 Tandem
313 2222 450 2297 bruma
479 2224 587 2271 niues
615 2225 738 2262 adfert
767 2224 999 2273 pigrumque
1027 2224 1191 2274 rigorem

1353 251 1426 290 715

1352 571 1426 608 720

1351 891 1422 929 725

1348 1209 1424 1248 730

1348 1533 1420 1571 735

1349 1852 1423 1889 740

1348 2175 1419 2212 745
