1648 2452
157 123 175 147 2
501 111 587 146 DE
624 110 848 147 RERUM
881 110 1129 147 NATURA

157 193 296 233 Dulcia
323 196 566 244 permulcent
594 195 745 232 animos
774 193 919 232 solacia
945 193 1056 232 vitae.

161 257 336 296 Herculis
365 257 549 296 antistare
577 265 708 296 autern
738 257 770 296 si
797 259 900 296 facta
927 257 1094 307 putabis,

156 323 327 372 Longius
355 335 379 360 a
405 335 497 361 vera
524 323 651 362 multo
679 323 830 362 ratione
858 324 990 361 ferere.

155 388 261 437 Quid
291 389 513 426 Nemeaeus
543 387 646 425 enim
675 387 789 426 nobis
819 401 923 425 nunc
951 400 1113 438 magnus
1141 386 1269 424 hiatus

156 454 228 491 Ille
255 451 380 491 leonis
409 452 564 490 obesset
593 459 632 490 et
660 452 821 490 horrens
849 453 1039 491 Arcadius
1069 454 1157 490 sus?
1426 462 1443 485 2
1451 459 1470 497 5

155 515 338 565 Denique
366 514 461 564 quid
492 516 631 554 Cretae
661 523 791 554 taurus
822 517 1077 565 Lernaeaque
1105 514 1226 565 pestis

156 580 295 630 Hydra
322 578 524 618 venenatis
552 586 688 628 posset
715 580 858 617 vallata
885 579 1085 618 colubris?

155 643 311 693 Quidve
340 643 547 693 tripectora
574 642 779 693 tergemini
806 642 862 682 vis
893 642 1101 693 Geryonai,

160 710 269 758 Quid
291 709 454 747 volucres
472 710 612 758 pennis
638 709 781 746 aeratis
809 709 915 747 invia
943 714 1082 757 stagna

155 773 285 810 Tanto
314 784 433 822 opere
462 773 661 811 officerent
688 771 800 811 nobis
829 773 1057 823 Stymphala
1084 774 1270 821 colentes,

157 838 207 874 Et
236 836 441 875 Diomedis
470 838 560 886 equi
589 836 778 887 spirantes
808 837 966 876 naribus
995 838 1123 889 ignem
1425 851 1475 888 30

155 902 316 939 Thracis
346 901 619 950 Bistoniasque
647 903 781 951 plagas
810 909 927 951 atque
958 904 1105 941 Ismara
1132 904 1318 953 propter?

156 967 363 1014 Aureaque
393 965 662 1015 Hesperidum
691 979 848 1004 servans
877 966 1064 1016 fulgentia
1094 968 1208 1013 mala,

155 1032 291 1080 Asper,
321 1031 461 1069 acerba
488 1038 613 1077 tuens,
644 1030 806 1068 immani
834 1043 998 1080 corpore
1026 1043 1186 1081 serpens

156 1095 316 1134 Arboris
344 1096 547 1145 amplexus
575 1095 734 1145 stirpem
764 1094 1060 1145 quid.denique
1088 1096 1245 1134 obesset

156 1160 318 1209 Propter
345 1160 573 1197 Atlanteum
602 1159 691 1197 litus
720 1138 939 1209 pelagique
968 1171 1120 1205 sonora,
1426 1171 1474 1209 35

158 1224 248 1271 Quo
277 1236 404 1273 neque
434 1230 565 1262 noster
593 1223 674 1261 adit
703 1223 912 1272 quisquam
943 1235 1017 1261 nec
1045 1223 1229 1261 barbarus
1258 1223 1407 1261 audet?

157 1290 299 1328 Cetera
327 1289 376 1326 de
404 1300 546 1337 genere
575 1289 651 1326 hoc
680 1300 781 1337 quae
810 1294 900 1325 sunt
927 1294 1109 1336 portenta
1138 1295 1351 1336 perempta,

156 1352 196 1390 Si
224 1364 304 1390 non
332 1351 435 1390 victa
462 1353 600 1398 forent,
630 1351 726 1399 quid
755 1351 914 1389 tandem
943 1349 1029 1388 viva
1058 1352 1274 1388 nocerent?

158 1416 235 1463 Nil,
265 1423 307 1454 ut
335 1415 496 1465 opinor:
533 1415 589 1453 ita
616 1416 668 1454 ad
696 1414 874 1453 satiatem
903 1422 1004 1453 terra
1032 1415 1198 1453 ferarum

158 1483 275 1519 Nunc
303 1480 421 1519 etiam
451 1480 563 1519 scatit
592 1488 630 1519 et
658 1481 811 1530 trepido
839 1488 983 1519 terrore
1012 1481 1161 1529 repleta
1189 1486 1248 1518 est
1428 1494 1478 1526 40

158 1546 232 1583 Per
260 1557 422 1582 nemora
449 1557 496 1582 ac
524 1551 679 1583 montes
707 1556 871 1594 magnos
900 1543 1096 1592 silvasque
1124 1543 1362 1592 profundas;

158 1611 270 1659 Quae
298 1610 385 1648 loca
412 1608 562 1648 vitandi
589 1610 822 1659 plerumque
851 1616 909 1648 est
938 1616 1070 1647 nostra
1097 1615 1280 1658 potestas.

156 1674 209 1711 At
237 1672 311 1712 nisi
339 1681 581 1723 purgatumst
609 1681 758 1722 pectus,
789 1686 889 1723 quae
918 1672 1066 1723 proelia
1093 1671 1207 1711 nobis

157 1741 289 1789 Atque
316 1740 487 1789 pericula
514 1746 635 1778 tumst
661 1738 819 1789 ingratis
847 1739 1151 1777 insinuandum!

159 1803 340 1851 Quantae
369 1810 453 1841 tum
482 1802 667 1842 scindunt
694 1801 896 1840 hominem
925 1800 1158 1852 cuppedinis
1186 1814 1293 1841 acres
1428 1813 1475 1852 45

159 1867 374 1906 Sollicitum
402 1880 516 1906 curae
545 1866 759 1916 quantique
788 1866 950 1916 perinde
979 1865 1162 1905 timores!

161 1930 316 1979 Quidve
345 1930 529 1980 superbia
557 1930 742 1980 spurcitia
770 1943 817 1969 ac
845 1929 1091 1980 petulantia?
1129 1935 1294 1979 quantas

161 1994 344 2033 Efficiunt
372 1995 527 2034 clades!
565 1994 660 2044 quid
688 1995 801 2032 luxus
830 1993 1112 2044 desidiaeque?
1416 1992 1458 2016 ⁹*

162 2061 277 2098 Haec
305 2058 420 2108 igitur
448 2058 515 2108 qui
543 2066 686 2097 cuncta
714 2057 909 2108 subegerit
937 2070 986 2096 ex
1013 2058 1223 2107 animoque

162 2123 364 2174 Expulerit
392 2123 518 2170 dictis,
549 2136 631 2162 non
659 2123 786 2172 armis,
818 2135 951 2162 nonne
979 2121 1135 2162 decebit
1431 2134 1482 2172 50

164 2189 285 2226 Hunc
311 2185 514 2225 hominem
543 2200 707 2225 numero
737 2186 870 2226 divom
899 2186 1092 2237 dignarier
1119 2187 1234 2224 esse?

163 2253 266 2292 Cum
294 2251 395 2290 bene
424 2251 652 2300 praesertim
681 2252 804 2290 multa
831 2264 876 2289 ac
906 2250 1090 2289 divinitus
1120 2249 1212 2299 ipsis
