1648 2452
186 123 236 156 40
532 109 620 146 DE
657 110 781 146 RER
793 110 886 147 UM
916 111 1166 148 NATURA

186 196 386 234 Laudibus
415 202 455 234 et
482 194 580 234 miro
610 202 668 233 est
697 196 884 233 mortales
913 194 1014 233 inter
1041 196 1203 233 honore.

238 263 356 300 Nunc
385 259 455 298 tibi
485 272 564 309 quo
593 266 711 309 pacto
740 260 828 298 ferri
858 267 995 297 natura
1023 267 1179 308 reperta

185 327 241 365 Sit
269 325 418 364 facilest
447 324 522 375 ipsi
551 337 619 374 per
648 332 687 363 te
716 337 966 374 cognoscere,
998 324 1176 363 Memmi.

184 392 305 428 Arma
332 389 493 439 antiqua
525 402 664 427 manus
694 396 846 439 ungues
875 390 1093 438 dentesque
1122 391 1278 428 fuerunt

187 457 236 493 Et
264 453 414 503 lapides
443 461 482 492 et
509 454 603 492 item
633 454 814 491 silvarum
845 453 1034 504 fragmina
1063 455 1170 500 rami,

188 520 236 556 Et
248 519 406 555 flamma
418 525 535 566 atque
548 516 669 566 ignes,
683 524 896 566 postquam
911 524 1001 555 sunt
1015 517 1170 567 cognita
1183 517 1359 567 primum.

187 580 382 620 Posterius
410 580 497 618 ferri
524 580 582 618 vis
612 587 669 618 est
697 581 873 629 aerisque
901 588 1063 630 reperta.

187 646 237 682 Et
264 643 369 694 p‘rior
396 642 494 681 aeris
524 651 605 681 erat
633 656 752 692 quam
781 642 870 682 ferri
898 643 1078 693 cognitus
1109 656 1211 689 usus,

187 710 278 758 Quo
305 707 428 745 facilis
457 708 579 757 magis
609 715 667 745 est
696 715 834 746 natura
863 715 902 746 et
930 708 1046 757 copia
1074 707 1205 746 maior.

187 775 287 811 Aere
315 773 444 810 solum
472 778 595 808 terrae
624 773 856 817 tractabant,
888 784 1056 820 aereque
1087 771 1179 809 belli

188 836 412 874 Miscebant
439 835 579 873 fluctus
609 842 647 872 et
674 836 835 872 vulnera
863 843 971 873 vasta
1001 837 1181 873 serebant

186 903 236 940 Et
264 913 384 951 pecus
412 907 529 947 atque
558 911 671 948 agros
700 898 927 937 adimebant
941 914 951 947 3
990 912 1081 937 nam
1111 898 1223 937 facile
1250 899 1336 937 ollis

186 964 329 1004 Omnia
357 964 551 1002 cedebant
579 962 737 1001 armatis
765 964 872 1001 nuda
902 970 940 1001 et
968 962 1128 1001 inerma.

186 1030 287 1067 Inde
315 1027 537 1066 minutatim
565 1025 755 1076 processit
784 1028 930 1065 ferreus
960 1026 1064 1065 ensis

184 1094 385 1141 Versaque
413 1090 455 1128 in
483 1090 741 1139 opprobrium
772 1089 924 1139 species
954 1098 1012 1127 est
1041 1088 1151 1127 falcis
1180 1103 1313 1136 aenae,

187 1160 236 1196 Et
263 1158 363 1195 ferro
392 1168 559 1205 coepere
588 1157 715 1194 solum
746 1155 1000 1205 proscindere
1029 1163 1155 1194 terrae

186 1224 492 1271 Exaequataque
521 1228 610 1258 sunt
640 1222 788 1270 creperi
820 1219 1037 1259 certamina
1066 1220 1170 1259 belli.

187 1287 236 1323 Et
265 1284 370 1334 prius
399 1291 457 1322 est
487 1291 681 1321 armatum
711 1283 752 1321 in
783 1283 874 1332 equi
905 1285 1173 1322 conscendere
1205 1291 1332 1322 costas

187 1352 238 1388 Et
267 1348 503 1387 moderarier
534 1349 639 1386 hunc
668 1348 786 1387 frenis
818 1344 1034 1398 dextraque
1064 1349 1192 1398 vigere

187 1417 316 1466 Quam
345 1414 478 1464 biiugo
510 1427 622 1452 curru
652 1414 745 1452 belli
776 1421 967 1464 temptare
999 1412 1157 1463 pericla.

187 1482 237 1519 Et
266 1479 419 1529 biiugos
450 1478 554 1527 prius
585 1485 643 1516 est
673 1490 792 1527 quam
824 1477 883 1516 bis
920 1477 1158 1527 coniungere
1189 1476 1303 1515 binos

187 1547 239 1584 Et
268 1557 386 1593 quam
417 1543 610 1580 falciferos
640 1550 836 1580 armatum
867 1543 1080 1581 escendere
1111 1555 1254 1580 currus.

188 1609 288 1647 Inde
318 1608 439 1646 boves
471 1608 596 1644 Lucas
628 1606 764 1644 turrito
796 1619 971 1656 corpore,
1005 1614 1158 1653 taetras,

188 1673 469 1723 Anguimanus,
500 1671 593 1709 belli
625 1672 843 1708 docuerunt
874 1671 1034 1708 volnera
1067 1668 1190 1707 Poeni

187 1723 350 1777 Sufferfe
380 1744 419 1775 et
449 1748 611 1784 magnas
644 1733 784 1772 Martis
817 1735 974 1772 turbare
1005 1740 1191 1772 catervas.

188 1802 251 1840 Sic
281 1800 359 1839 alid
391 1813 439 1838 ex
468 1800 545 1837 alio
578 1798 730 1848 peperit
763 1790 966 1836 discordia
996 1797 1123 1845 tristis,

190 1865 388 1904 Horribile
417 1863 600 1902 humanis
631 1863 740 1912 quod
769 1862 951 1912 gentibus
983 1869 1084 1900 esset
1115 1861 1156 1899 in
1189 1862 1314 1907 armis,

190 1932 317 1980 Inque
347 1929 431 1968 dies
461 1927 553 1966 belli
587 1920 797 1966 terroribus
827 1926 981 1965 addidit
1010 1938 1190 1975 augmen.
1211 1920 1239 1978 *j

241 1995 500 2042 Temptarunt
528 1990 644 2030 etiam
673 1999 803 2029 tauros
831 1990 870 2027 in
900 2002 1062 2028 munere
1091 1989 1183 2027 belli
1218 2039 1221 2044 .

190 2057 427 2107 Expertique
457 2068 545 2094 sues
574 2067 710 2093 saevos
739 2063 829 2092 sunt
857 2054 1009 2092 mittere
1038 2053 1078 2092 in
1107 2044 1248 2092 hostes.

192 2123 242 2159 Et
270 2121 418 2159 validos
446 2119 586 2169 partim
614 2131 708 2168 prae
737 2131 779 2157 se
807 2117 947 2156 misere
975 2118 1110 2155 leones

190 2174 294 2224 Cum
322 2183 547 2222 doctoribus
576 2182 732 2229 armatis
762 2181 966 2230 saevisque
996 2179 1188 2230 magistris

192 2247 271 2296 Qui
299 2246 532 2285 moderarier
560 2245 620 2283 his
649 2254 808 2295 possent
837 2245 1051 2294 vinclisque
1081 2253 1236 2292 tenere3

1409 197 1507 233 1280

1411 1169 1507 1206 1295

1412 1491 1510 1526 1300

1413 1811 1508 1848 1305
