1648 2452
486 88 672 125 LIBER
716 87 991 135 QUINTUS
1374 103 1397 139 9

79 174 276 225 Principio
303 186 392 224 pars
420 172 533 212 terrai
561 173 763 218 nonnulla,
792 180 952 222 perusta
1032 221 1036 224 Δ

78 240 233 279 Solibus
260 235 447 284 adsiduis,
476 237 600 274 multa
627 237 784 286 pulsata
810 237 958 286 pedum
987 235 1037 285 vi,

79 301 253 342 Pulveris
280 301 436 341 exhalat
463 300 649 339 nebulam
678 301 883 350 nubesque
910 301 1087 340 volantes

79 367 187 416 Quas
215 365 332 405 validi
359 372 444 404 toto
472 363 701 415 dispergunt
728 377 816 404 aere
843 364 959 403 venti.

79 432 170 470 Pars
199 430 317 469 etiam
343 430 546 480 glebarum
574 429 626 467 ad
654 428 839 468 diluviem
868 436 1072 467 revocatur
1327 443 1371 479 25
1380 444 1398 480 5

80 495 276 534 Imbribus
305 501 344 534 et
370 493 472 544 ripas
500 492 677 533 radentia
705 492 866 531 flumina
894 494 1048 532 rodunt.

80 561 284 598 Praeterea
311 571 383 609 pro
411 565 522 608 parte
550 571 631 605 sua,
663 559 945 607 quodcumque
974 558 1052 596 alid
1080 566 1206 608 auget,

81 624 277 664 Redditur
287 637 298 671 3
332 630 371 663 et
399 622 585 673 quoniam
615 623 734 662 dubio
762 624 898 673 procul
926 636 1012 662 esse
1040 623 1192 661 videtur

81 667 511 757 Omniparens'eaderr‘i
539 700 666 726 rerum
695 700 908 725 commune
938 688 1172 736 sepulcrum,

82 755 185 803 Ergo
213 760 312 791 terra
339 751 411 791 tibi
439 751 581 790 libatur
609 759 648 790 et
677 759 794 789 aucta
821 752 1013 789 recrescit.
1330 754 1404 789 260

134 819 252 868 Quod
282 825 468 868 superest,
493 830 630 855 umore
658 829 763 855 novo
793 830 899 854 mare
927 816 1090 854 flumina
1117 817 1244 855 fontes

81 885 243 934 Semper
270 883 469 921 abundare
499 888 538 920 et
565 881 700 920 latices
729 894 888 919 manare
918 893 1111 931 perennes

82 948 150 987 Nil
178 961 276 999 opus
306 955 363 987 est
390 946 540 986 verbis:
579 959 744 996 magnus
774 936 1178 995 decursus‘aquarum

81 1012 271 1063 Undique
299 1013 479 1051 declarat.
538 1011 616 1049 Sed
644 1010 814 1060 primum
844 1009 1031 1060 quicquid
1059 995 1211 1060 aquai*

81 1077 252 1134 Tollituf
275 1077 315 1116 in
343 1089 575 1126 summaque
604 1078 646 1115 fit
674 1084 716 1114 ut
745 1075 799 1114 nil
828 1088 940 1114 umor
968 1076 1153 1124 abundet,
1331 1079 1402 1125 265

82 1142 226 1182 Partim
256 1142 364 1192 quod
390 1140 512 1179 validi
539 1147 738 1180 verrentes
767 1152 939 1189 aequora
966 1139 1073 1178 venti
1094 1160 1103 1170 ·

83 1205 318 1245 Diminuunt
345 1204 543 1254 radiisque
570 1210 748 1243 retexens
778 1203 971 1242 aetherius
1001 1204 1071 1249 sol,

83 1266 227 1306 Pastim
255 1266 364 1316 quod
392 1266 526 1304 subter
552 1277 622 1315 per
651 1272 772 1304 terras
800 1264 946 1303 diditur
975 1277 1124 1303 omnes,

83 1332 306 1371 Percolatur
334 1329 439 1369 enim
466 1329 570 1369 virus
596 1337 778 1380 retroque
806 1337 983 1368 remanat

83 1395 267 1435 Materies
296 1394 442 1433 umoris
470 1402 509 1433 et
537 1394 588 1432 ad
616 1401 736 1444 caput
762 1393 944 1432 amnibus
973 1393 1102 1431 omnis
1331 1406 1405 1442 270

84 1458 291 1505 Convenit,
322 1457 415 1496 inde
443 1469 558 1507 super
585 1464 706 1495 terras
734 1455 819 1494 fluit
847 1455 1004 1505 agmine
1033 1454 1140 1493 dulci

83 1525 173 1574 Qua
200 1523 263 1561 via
289 1530 396 1561 secta
424 1522 546 1560 semel
573 1520 724 1570 liquido
753 1521 857 1570 pede
886 1520 1026 1558 detulit
1054 1520 1189 1558 undas.

136 1589 237 1626 Aera
264 1599 370 1625 nunc
396 1585 513 1636 igitur
540 1585 668 1624 dicam
699 1584 765 1635 qui
793 1597 955 1634 corpore
985 1591 1069 1623 toto
1253 1603 1268 1650 ι
1333 1616 1342 1638 Ι
1371 1628 1379 1635 ,

84 1650 426 1690 Innumerabiliter
453 1634 1163 1752 priana-{Qw

83 1717 244 1766 Semper
270 1714 388 1762 enirn,
417 1714 697 1765 quodcumque
754 1713 808 1752 uit
836 1714 887 1752 de
915 1713 1043 1761 rebus,
1072 1715 1113 1753 id
1143 1728 1259 1753 omne
1331 1727 1402 1765 275

84 1780 195 1821 Aeris
221 1780 263 1819 in
291 1792 476 1831 magnum
504 1780 623 1817 fertur
651 1791 758 1818 mare
771 1793 783 1826 3
822 1778 890 1828 qui
917 1779 993 1818 nisi
1020 1787 1158 1818 contra

84 1847 262 1898 Corpora
287 1844 476 1886 retribuat
502 1845 619 1883 rebus
646 1851 874 1893 recreetque
902 1845 1091 1895 fluentes„

85 1910 231 1950 Omnia
255 1909 334 1949 iam
360 1910 530 1949 resoluta
556 1909 685 1948 forent
711 1915 752 1948 et
778 1908 819 1946 in
847 1921 937 1947 aera
963 1900 1091 1947 versas

87 1976 210 2015 Haud
236 1974 351 2027 igitur
377 1981 505 2013 cessat
531 1973 638 2024 gigni
666 1974 717 2012 de
744 1974 862 2012 rebus
890 1980 930 2011 et
958 1972 998 2011 in
1025 1985 1086 2011 res

85 2040 311 2088 Reccidere,
340 2039 506 2078 adsidue
533 2038 722 2089 quoniam
751 2039 871 2076 fluere
900 2038 1033 2077 omnia
1061 2047 1224 2077 constat.
1330 2042 1404 2075 280

138 2106 283 2155 Largus
311 2105 405 2143 item
433 2103 571 2154 liquidi
599 2104 686 2142 fons
715 2102 884 2150 luminis,
914 2103 1108 2143 aetherius
1137 2105 1207 2151 sol,

86 2168 232 2219 Inrigat
259 2168 422 2208 adsidue
449 2169 603 2207 caelum
631 2167 804 2206 candore
832 2166 978 2205 recenti
1049 2212 1066 2220 ό

85 2233 394 2284 Suppeditatque
421 2246 525 2272 novo
555 2232 761 2272 confestim
790 2231 936 2271 lumine
966 2233 1108 2271 lumen.
