1648 2452
0 600 164 665 W

676 8 679 13 r
685 2 692 20 χ
744 5 745 9 ¹

236 114 283 138 10
406 118 431 144 ,ρ
583 102 686 156 DE·
744 101 932 139 ERUM
962 101 1210 139 NATURA

234 189 337 225 Nam
365 187 534 242 primum
560 102 768 236 amcqui&
780 187 938 237 fulgoris
968 186 1131 237 disperit
1159 187 1207 234 ei,

233 254 496 302 Quocumque
524 253 676 291 accidit.
736 253 784 291 Id
813 252 904 292 licet
932 252 1024 290 hinc
1052 265 1290 303 cognoscere
1319 254 1455 304 possis,
1480 256 1551 304 285

234 317 354 366 Quod
382 316 497 355 simul
525 329 571 354 ac
599 316 769 366 primum
799 317 924 354 nubes
954 317 1166 355 succedere
1194 318 1265 355 soli

233 383 410 431 Coepere
439 389 478 420 et
505 381 635 420 radios
662 375 1111 430 intef'qmffere
1139 381 1248 428 lucis,

235 449 444 497 Extemplo
472 447 629 485 inferior
657 459 744 496 pars
773 447 914 484 horum
944 445 1106 495 disperit
1136 447 1263 485 omnis

233 516 433 562 Terraque
462 512 708 551 inumbratur
735 524 813 561 qua
843 509 967 549 nimbi
996 524 1169 561 cumque
1196 512 1392 561 feruntur3

189 578 292 625 2Ut
320 588 460 614 noscas
488 575 699 630 splendore
728 587 834 613 novo
862 587 922 612 res
952 587 1107 624 semper
1135 586 1248 624 egere
1482 589 1556 625 290

234 642 285 679 Et
313 640 483 690 primum
511 632 658 677 iactum
687 638 844 689 fulgoris
874 651 1072 688 quemque
1101 637 1226 688 perire

235 707 322 744 Nee
349 704 499 743 ratione
527 704 603 743 alia
630 717 690 742 res
718 716 839 754 posse
867 703 907 742 in
937 704 1020 741 sole
1047 703 1182 750 videri,

235 771 431 820 Perpetuo
460 769 500 806 ni
528 768 754 818 suppeditet
781 768 878 806 lucis
907 776 1026 818 caput
1053 768 1193 818 ipsum.

236 835 342 886 Quin
371 836 487 874 etiam
518 841 710 873 nocturna
738 833 820 879 tibi,
852 833 1045 872 terrestria
1073 845 1176 882 quae
1204 841 1307 881 sunt,
1337 860 1352 882 ί

236 899 414 946 Lumina,
444 899 664 949 pendentes
693 897 838 948 lychini
867 898 1071 947 claraeque
1099 897 1268 936 coruscis
1284 891 1360 928 λυ
1379 875 1410 923 κ
1428 876 1554 949 νᾌῖἦ

237 963 468 1014 Fulguribus
496 962 661 1013 pingues
691 958 815 1000 multa
843 962 1007 1012 caligine
1036 962 1174 1001 taedae

237 1026 442 1067 Consimili
470 1033 681 1077 properant
708 1025 870 1072 ratione,
901 1026 1039 1064 ardore
1068 1025 1255 1073 ministro,

237 1091 495 1142 Suppeditare
524 1103 671 1128 novum
699 1091 846 1136 lumen,
876 1097 1041 1129 tremere
1069 1090 1223 1140 ignibus
1251 1091 1405 1141 instant,

238 1158 402 1203 Instant,
432 1168 505 1193 nec
533 1155 623 1193 loca
650 1155 715 1191 lux
742 1153 844 1193 inter
871 1153 981 1204 quasi
1011 1162 1124 1204 rupta
1151 1154 1345 1205 relinquit.

237 1221 375 1270 Usque
403 1220 504 1258 adeo
532 1225 787 1268 properanter
814 1219 864 1256 ab
894 1218 1076 1257 omnibus
1104 1217 1259 1268 ignibus
1287 1219 1322 1258 ei
1482 1234 1558 1270 300

238 1284 410 1322 Exitium
440 1282 556 1322 celeri
584 1284 732 1321 celatur
759 1282 908 1332 origine
935 1283 1126 1321 flammae.

237 1348 300 1387 Sic
328 1347 443 1398 igitur
471 1347 594 1386 solem
622 1347 757 1384 lunam
786 1347 996 1395 stellasque
1025 1346 1284 1396 putandumst

239 1415 299 1451 Ex
325 1412 402 1451 alio
430 1420 549 1462 atque
576 1411 654 1450 alio
682 1413 811 1450 lucem
841 1411 985 1450 iactare
1014 1413 1176 1454 subortu

238 1479 290 1516 Et
317 1477 487 1526 primum
516 1475 702 1526 quicquid
731 1476 975 1513 flammarum
1004 1476 1167 1525 perdere
1195 1488 1372 1526 semper;

239 1540 486 1580 Inviolabilia
512 1541 610 1579 haec
639 1552 690 1578 ne
718 1539 854 1578 credas
882 1540 982 1578 forte
1010 1539 1149 1588 vigere.
1483 1553 1555 1591 305

291 1605 474 1655 Denique
503 1618 585 1643 non
613 1604 762 1654 lapides
791 1616 950 1653 quoque
979 1602 1080 1641 vinci
1110 1604 1235 1642 cernis
1263 1605 1314 1643 ab
1341 1617 1450 1651 aevo,

240 1671 332 1708 Non
359 1671 457 1708 altas
486 1676 607 1707 turres
635 1681 745 1707 ruere
774 1675 813 1707 et
840 1676 1064 1718 putrescere
1092 1681 1195 1715 saxa,
1358 1670 1363 1674 ’

239 1735 331 1773 Non
360 1734 523 1773 delubra
551 1735 668 1772 deum
698 1733 981 1783 simulacraque
1009 1734 1110 1771 fessa
1137 1733 1273 1780 fatisci,

240 1801 324 1839 Nec
352 1807 529 1838 sanctum
557 1811 706 1837 numen
733 1798 802 1837 fati
830 1799 1039 1848 protollere
1068 1799 1165 1837 fines

239 1866 359 1902 Posse
387 1876 515 1913 neque
542 1864 727 1917 adversus
755 1870 916 1901 naturae
945 1863 1105 1912 foedera
1133 1862 1233 1901 niti?
1483 1876 1558 1913 3¹0

240 1927 421 1978 Denique
451 1941 530 1966 non
559 1926 804 1966 monimenta
832 1926 956 1965 virum
987 1926 1138 1976 dilapsa
1165 1926 1354 1974 videmus,

237 1995 418 2041 Aeraque
446 2004 634 2041 proporro
663 1991 914 2041 solidumque
943 2003 1146 2030 senescere
1174 1992 1327 2038 ferrum,

239 2059 331 2095 Non
359 2068 470 2095 ruere
497 2057 652 2094 avolsos
680 2055 808 2094 silices
837 2069 860 2094 a
888 2055 1088 2094 montibus
1116 2056 1203 2095 altis

238 2123 325 2160 Nec
354 2120 500 2159 validas
529 2120 616 2160 &evi
643 2120 742 2159 vires
772 2121 940 2170 perferre
968 2119 1129 2170 patique

241 2185 386 2224 Finiti?
424 2197 553 2234 neque
582 2184 687 2223 enim
716 2186 900 2223 caderent
928 2185 1061 2222 avolsa
1089 2190 1261 2233 repente,
1482 2174 1556 2235 3'1‘5

240 2252 298 2288 Ex
327 2249 478 2287 infinito
508 2262 609 2298 quae
638 2257 815 2299 tempore
843 2250 1145 2299 pertolerassent
