1648 2452
203 88 250 124 26
547 85 635 122 DE
672 85 900 122 RERUM
931 85 1179 123 NATURA

200 173 299 209 Cum
329 168 489 219 peperit,
520 168 624 207 dulci
652 170 822 218 repletur
850 169 961 215 lacte,
993 169 1101 217 quod
1130 167 1258 207 omnis

200 235 378 282 Impetus
406 232 447 270 in
476 245 666 270 mammas
694 230 931 270 convertitur
959 231 1023 270 ille
1051 231 1240 269 alimenti.
1446 233 1519 280 815

198 298 319 335 Terra
346 296 478 335 cibum
507 296 647 346 pueris,
676 304 824 335 vestem
853 309 983 346 vapor,
1014 297 1135 335 herba
1163 295 1291 334 cubile

201 362 420 400 Praebebat
448 362 570 399 multa
599 368 638 399 et
667 360 775 399 molli
804 360 986 411 lanugine
1015 361 1230 399 abundans.

200 427 252 462 At
281 424 434 463 novitas
463 425 601 463 mundi
629 438 703 463 nec
732 423 872 474 frigora
900 425 996 463 dura
1023 424 1153 463 ciebat

201 490 287 527 Nec
314 488 455 527 nimios
483 496 614 528 aestus
643 502 717 527 nec
745 490 896 539 magnis
924 488 1070 527 viribus
1098 502 1218 527 auras,

202 554 348 594 Omnia
376 554 481 592 enim
509 554 652 604 pariter
679 562 858 593 crescunt
887 562 926 592 et
954 556 1095 593 robora
1125 560 1291 592 sumunt.
1449 555 1525 590 820

254 619 385 666 Quare
413 617 532 656 etiam
561 626 681 667 atque
710 618 827 657 etiam
857 626 1077 657 maternum
1106 630 1252 656 nomen
1281 617 1423 666 adepta

202 684 323 721 Terra
350 690 458 722 tenet
487 682 634 729 merito,
664 683 851 733 quoniam
879 695 1003 732 genus
1030 681 1116 731 ipsa
1144 681 1288 720 creavit

205 749 434 786 Humanum
463 756 580 798 atque
608 749 752 786 animal
780 761 903 798 prope
932 755 1038 786 certo
1068 755 1244 796 tempore
1271 745 1370 784 fudit

206 814 335 852 Omne
364 814 473 863 quod
501 813 541 851 in
570 813 721 863 magnis
749 813 962 852 bacchatur
990 813 1181 851 montibu'
1210 812 1365 862 passim,

206 877 418 928 Aeriasque
447 878 562 916 simul
591 879 768 917 volucres
796 878 1027 916 variantibu’
1058 877 1201 917 formis.
1452 878 1498 913 32
1506 889 1524 925 5

205 942 282 979 Sed
311 941 402 991 quia
429 943 548 981 finem
577 942 749 992 aliquam
778 942 953 992 pariendi
984 943 1103 981 debet
1134 943 1288 989 habere,

207 1005 378 1052 Destitit,
410 1014 453 1044 ut
483 1007 622 1044 mulier
650 1007 778 1056 spatio
807 1007 963 1045 defessa
989 1014 1153 1044 vetusto.

208 1070 338 1107 Mutat
367 1068 474 1107 enim
504 1069 640 1107 mundi
671 1076 848 1108 naturam
878 1069 996 1108 totius
1025 1077 1143 1116 aetas,

207 1135 267 1172 Ex
293 1134 448 1184 alioque
477 1134 573 1172 alius
603 1142 726 1172 status
755 1135 932 1184 excipere
961 1134 1095 1173 omnia
1124 1134 1252 1180 debet,

208 1199 295 1238 Nec
322 1206 455 1237 manet
482 1200 561 1237 ulla
589 1198 648 1237 sui
677 1198 812 1237 similis
841 1212 924 1237 res:
954 1198 1088 1237 omnia
1115 1197 1292 1248 migrant,
1453 1198 1475 1234 8
1481 1210 1530 1245 30

208 1262 352 1302 Omnia
379 1271 597 1302 commutat
624 1271 762 1302 natura
791 1272 828 1302 et
858 1272 1004 1302 vertere
1034 1263 1150 1313 cogit.

209 1328 393 1376 Namque
421 1326 528 1365 aliud
556 1326 742 1376 putrescit
771 1334 809 1365 et
837 1340 934 1365 aevo
964 1327 1094 1365 debile
1122 1320 1319 1375 languea)

210 1392 329 1429 Porro
356 1390 463 1428 aliud
492 1389 668 1428 clarescit
696 1398 735 1428 et
764 1403 785 1428 e
815 1390 1106 1440 contemptibus
1135 1389 1222 1428 exit.

207 1455 270 1494 Sic
298 1455 414 1505 igitur
441 1455 579 1493 mundi
607 1463 784 1494 naturam
813 1456 932 1494 totius
960 1462 1066 1494 aetas

210 1522 341 1558 Mutat
370 1527 408 1558 et
438 1533 484 1558 ex
512 1519 590 1558 alio
619 1527 759 1558 terram
789 1527 912 1559 status
942 1520 1086 1570 excipit
1115 1521 1237 1558 alter:
1452 1519 1525 1566 835

210 1585 328 1633 Quod
356 1584 483 1633 potuit
513 1584 660 1633 nequit,
690 1593 732 1623 ut
762 1585 884 1634 possit
914 1586 1022 1634 quod
1051 1597 1132 1623 non
1161 1583 1247 1622 tulit
1276 1590 1376 1621 ante.

263 1648 469 1696 Multaque
496 1654 579 1684 tum
608 1648 721 1685 tellus
750 1649 867 1685 etiam
896 1654 1077 1696 portenta
1105 1659 1232 1685 creare

208 1713 400 1751 Conatast
428 1712 525 1748 mira
554 1710 651 1749 facie
680 1711 946 1760 membrisque
975 1719 1120 1758 coorta,

207 1771 505 1825 =Androgynum,
531 1774 815 1824 interutrasque
842 1788 917 1813 nec
942 1781 1083 1821 utrum,
1108 1774 1302 1823 utrimque
1328 1782 1531 1819 remotum,

211 1840 320 1879 Orba
347 1840 494 1889 pedum
524 1839 678 1889 partim,
709 1853 897 1878 manuum
926 1839 1085 1878 viduata
1113 1838 1292 1885 vicissim,
1319 1840 1321 1843 “
1457 1841 1533 1883 840

213 1904 326 1941 Muta
355 1902 438 1942 sine
467 1916 533 1941 ore
564 1903 693 1950 etiam,
724 1904 808 1941 sine
837 1904 945 1941 voltu
975 1915 1093 1941 caeca
1121 1908 1282 1951 reperta,

210 1966 431 2016 Vinctaque
461 1968 722 2006 membrorum
752 1980 822 2016 per
851 1975 977 2005 totum
1008 1979 1147 2016 corpus
1176 1966 1359 2012 adhaesu,

213 2032 298 2070 Nec
327 2031 455 2069 facere
485 2038 525 2068 ut
554 2039 718 2081 possent
738 2030 950 2080 quicquam
980 2044 1054 2069 nec
1082 2032 1221 2069 cedere
1251 2042 1450 2084 quoquam

214 2096 299 2133 Nec
327 2094 448 2133 vitare
477 2096 623 2133 malum
654 2108 727 2133 nec
757 2092 911 2134 sumere
941 2096 1050 2145 quod
1078 2096 1177 2133 foret
1207 2107 1308 2132 usus.
1375 2084 1401 2101 '¹
1435 2085 1439 2087 Ἴ

213 2162 354 2198 Cetera
382 2161 432 2199 de
460 2173 602 2210 genere
630 2161 706 2198 hoc
734 2168 909 2198 monstra
936 2173 982 2198 ac
1009 2167 1193 2209 portenta
1221 2159 1377 2196 creabat
1391 2172 1402 2206 3
1458 2160 1532 2207 845

214 2224 476 2275 Nequiquam,
507 2224 694 2274 quoniam
724 2232 861 2263 natura
888 2224 1092 2263 absterruit
1120 2232 1278 2262 auctum
