1648 2452
543 110 731 147 LIBER
772 110 1044 158 QUINTUS.

136 192 401 242 Nequiquam,
430 193 619 242 quoniam
647 193 840 243 permixta
867 195 990 233 caede
1017 196 1189 233 calentes

134 257 365 295 Turbabant
393 256 498 295 saevi
526 257 636 295 nullo
664 256 888 296 discrimine
917 265 1073 305 turmas,

134 319 340 358 Terrificas
367 319 540 369 capitum
569 319 788 369 quatientes
817 321 993 370 undique
1022 321 1168 373 cristas,

135 384 221 422 Nec
250 390 430 433 poterant
458 385 608 433 equites
636 383 791 422 fremitu
821 384 1022 433 perterrita
1051 373 1241 434 equorum

135 450 299 487 Pectora
327 450 498 487 mulcere
526 456 564 487 et
593 448 710 486 frenis
739 456 964 487 convertere
992 448 1032 486 in
1061 449 1204 487 hostes.

134 512 298 551 Inritata
325 513 410 552 leae
437 512 632 551 iaciebant
661 525 826 561 corpora
854 514 953 550 saltu

134 577 323 627 Undique
353 584 393 616 et
423 578 629 616 adversum
660 577 906 616 venientibus
939 591 1006 616 ora
1036 580 1222 629 petebant

133 643 184 680 Et
214 655 288 681 nec
319 642 528 692 opinantes
557 655 581 680 a
610 648 718 692 tergo
750 643 993 692 deripiebant

136 704 415 756 Deplexaequ'e
446 708 592 745 dabant
621 707 660 744 in
692 714 832 745 terram
864 708 1021 746 volnere
1052 706 1186 755 victos,

135 771 333 810 Morsibus
365 772 517 810 adfixae
547 772 684 810 validis
715 768 833 820 atque
863 772 1059 821 uiguibus
1089 772 1209 809 uncis.

134 838 417 886 Iactabantque
446 850 536 875 suos
565 836 663 875 tauri
691 837 936 886 pedibusque
965 839 1143 876 terebant

132 901 183 938 Et
212 901 332 938 latera
360 912 406 937 ac
433 905 587 938 ventres
616 901 824 949 hauribant
855 903 988 939 subter
1018 914 1207 949 equorum
1248 900 1278 913 '¹

133 960 328 1005 Cornibus
359 972 397 1003 et
425 972 565 1003 terrarn
596 965 794 1003 minitanti
824 966 950 1004 fronte
982 966 1155 1015 ruebant.

133 1031 183 1068 Et
210 1029 347 1068 validis
378 1030 506 1069 socios
536 1019 754 1069 caedebant
786 1028 973 1069 dentibus
1005 1030 1088 1079 apri

132 1094 230 1132 Tela
259 1094 423 1132 infracta
453 1108 525 1133 suo
559 1095 782 1144 tinguentes
814 1094 1001 1144 sanguine
1034 1095 1149 1140 saevi,

134 1159 181 1196 In
212 1171 253 1196 se
281 1159 402 1197 fracta
435 1172 505 1197 suo
536 1158 757 1208 tinguentes
789 1159 977 1208 sanguine
1009 1159 1096 1205 tela,

133 1221 423 1271 Permixtasque
454 1223 601 1261 dabant
633 1223 807 1272 equitum
840 1222 1098 1272 peditumque
1129 1221 1269 1267 ruinas.

133 1287 237 1323 Nam
267 1293 483 1324 transversa
513 1287 615 1324 feros
648 1287 805 1324 exibant
837 1285 964 1324 dentis
995 1286 1156 1323 adactus

133 1351 315 1388 Iumenta
344 1357 411 1387 aut
441 1350 612 1400 pedibus
642 1357 781 1388 ventos
812 1357 942 1388 erecta
969 1351 1182 1399 petebant;

132 1408 397 1463 Nequiquam,
430 1404 617 1463 quoniam
647 1415 696 1452 ab
732 1414 859 1452 nervis
891 1413 1042 1451 succisa
1071 1413 1222 1452 videres

132 1468 352 1517 Concidere
382 1485 499 1533 atque
529 1478 635 1535 gravi
668 1486 808 1517 terram
841 1485 1092 1517 consternere
1121 1491 1222 1515 casu.

131 1541 273 1591 Siquos
306 1549 397 1581 ante
430 1542 539 1580 domi
570 1542 741 1581 domitos
770 1542 862 1581 satis
893 1555 978 1581 esse
1008 1542 1207 1592 putabant,

133 1606 394 1645 Effervescere
422 1608 635 1645 cernebant
664 1606 704 1644 in
735 1607 850 1644 rebus
880 1605 1045 1655 agundis

131 1670 370 1709 Volneribus
403 1671 574 1709 clamore
604 1672 695 1720 fuga
726 1678 869 1708 terrore
899 1670 1078 1715 tumultu,

133 1735 219 1772 Nec
248 1741 428 1784 poterant
457 1735 576 1772 ullam
607 1741 755 1783 partem
784 1733 999 1787 redducere
1022 1723 1162 1771 eorum
1178 1746 1189 1780 3

133 1798 373 1849 Diffugiebat
403 1800 509 1837 enim
539 1799 687 1837 varium
720 1811 843 1848 genus
874 1811 991 1836 omne
1021 1799 1212 1844 ferarum3

133 1864 190 1902 Ut
220 1876 325 1901 nunc
355 1876 472 1912 saepe
502 1864 623 1901 boves
656 1864 786 1901 Lucae
816 1863 915 1900 ferro
946 1862 1047 1899 male
1078 1868 1228 1899 mactae

133 1925 363 1977 Diffugiunt,
394 1928 474 1965 fera
503 1928 605 1965 facta
635 1926 714 1964 suis
745 1939 834 1964 cum
865 1926 988 1964 multa
1017 1926 1171 1964 dedere.

132 1993 211 2031 Sed
239 1991 365 2029 facere
395 1989 436 2028 id
467 2003 547 2028 non
578 1996 658 2027 tam
689 1988 874 2028 vincendi
905 2002 973 2038 spe
1003 1989 1219 2034 voluerunt,

134 2056 265 2104 Quam
298 2053 390 2092 dare
419 2055 527 2103 quod
556 2060 757 2103 gemerent
787 2053 932 2099 hostes,
964 2051 1118 2101 ipsique'
1149 2051 1283 2101 perire,

134 2118 213 2167 Qui
243 2111 406 2156 numero
438 2117 668 2156 diffidebant
698 2116 894 2164 armisque
925 2117 1129 2154 vacabant.

188 2181 336 2220 Nexilis
365 2188 456 2220 ante
483 2183 554 2219 fuit
583 2180 701 2218 vestis
728 2192 848 2229 quam
877 2179 1011 2218 textile
1041 2187 1207 2228 tegmen.

133 2245 286 2284 Textile
314 2252 403 2294 post
430 2246 621 2292 ferrumst,
651 2246 742 2294 quia
769 2245 867 2282 ferro
895 2245 972 2282 tela
999 2251 1166 2292 paratur,

1406 124 1451 156 41

1354 335 1450 372 1315

1356 658 1453 692 1320

1357 977 1449 1014 1325

1354 1298 1453 1334 1330

1353 1617 1448 1655 1335

1352 1938 1449 1973 1340

1351 2191 1449 2229 1350
