1648 2452
520 98 706 134 LIBER
750 97 1020 146 QUINTUS.

112 182 296 230 Quidque
323 182 424 221 inter
449 195 535 221 sese
562 190 785 232 permutato
814 183 951 223 ordine
978 194 1152 234 possent,

114 246 154 285 Si
182 259 264 285 non
291 246 376 296 ipsa
402 246 514 286 dedit
541 247 742 298 specimen
771 256 910 287 natura
937 243 1127 287 creandi?

113 311 298 360 Namque
326 310 381 348 ita
408 311 532 349 multa
559 312 689 350 modis
718 312 851 350 multis
879 312 1093 362 primordia
1121 325 1248 351 rerum

111 375 171 412 Ex
198 373 351 413 infinito
379 374 457 413 iam
485 382 664 424 tempore
693 375 842 425 percita
870 376 995 426 plagis

110 438 436 489 Ponderibusque
466 439 544 478 suis
573 447 814 478 consuerunt
842 440 999 478 concita
1027 439 1116 479 ferri

110 503 439 554 Omnimodisque
468 504 573 543 coire
601 512 720 554 atque
749 504 885 543 onmia
912 512 1187 557 pertemptare,

110 569 394 617 Quaecumque
422 568 522 607 inter
550 581 591 607 se
620 576 784 618 possent
813 581 1022 618 congressa
1051 582 1191 617 creare,

110 635 167 673 Ut
194 647 276 672 non
306 633 354 672 sit
382 634 522 671 mirum
551 634 583 671 si
612 633 652 672 in
681 636 778 672 tales
807 635 1062 684 disposituras

111 690 353 737 Decide'runt
381 711 540 748 quoque
569 705 607 736 et
636 698 676 736 in
706 700 803 737 tales
832 712 975 737 venere
1004 706 1167 745 meatus,

110 761 301 810 Qualibus
329 762 427 800 haec
454 774 582 800 rerum
611 762 757 811 geritur
785 776 891 800 nunc
921 776 1073 801 summa
1102 764 1350 801 novando.'1¹'

163 826 283 874 Quod
311 825 343 863 si
371 825 450 863 iam
478 839 604 864 rerum
635 826 811 876 ignorem
840 826 1054 876 primordia
1082 840 1182 876 quae
1212 827 1300 873 sint,

111 891 205 927 Hoc
233 896 365 928 tamen
394 902 442 927 ex
470 889 562 939 ipsis
591 890 689 928 caeli
717 890 934 928 rationibus
964 890 1113 928 ausim·

111 948 353 993 Confirmare
381 953 545 1003 aliisque
573 966 622 992 ex
650 953 765 992 rebus
794 955 959 993 reddere
989 955 1131 1001 multis,

111 1020 371 1068 Nequaquam
403 1018 518 1057 nobis
547 1017 735 1056 divinitus
765 1031 850 1057 esse
879 1026 1056 1068 paratam

113 1085 302 1122 Naturam
331 1096 458 1122 rerum
472 1097 483 1131 ;
520 1090 630 1121 tanta
659 1090 734 1121 stat
762 1083 939 1132 praedita
967 1085 1093 1133 culpa.

61 1157 66 1160 '
92 1147 309 1197 >*Principio
339 1155 530 1198 quantum
559 1146 657 1185 caeli
687 1148 781 1197 tegit
809 1147 979 1196 impetus
1009 1148 1158 1197 ingens,

111 1213 212 1252 Inde
241 1212 345 1252 avidi
373 1220 523 1262 partem
554 1220 708 1251 montes
738 1212 938 1262 silvaeque
967 1214 1133 1251 ferarum

110 1277 336 1323 Possedere‚
367 1283 503 1315 tenent
530 1289 645 1326 rupes
674 1284 884 1326 vastaeque
913 1277 1076 1326 paludes

112 1344 162 1380 Et
190 1354 296 1380 mare
323 1341 431 1390 quod
459 1342 536 1379 late
564 1348 751 1379 terrarum
780 1340 942 1379 distinet
970 1353 1068 1378 oras.

111 1405 213 1444 Inde
241 1406 338 1444 duas
366 1418 481 1455 porro
510 1418 632 1455 prope
661 1413 791 1454 partes
820 1405 990 1444 fervidus
1017 1406 1133 1444 ardor
1151 1393 1215 1476 ”9

111 1470 392 1519 Adsiduusque
419 1469 495 1519 geli
524 1482 635 1507 casus
664 1470 892 1508 mortalibus
921 1470 1053 1508 aufert.

112 1536 235 1584 Quod
262 1541 437 1585 superest
464 1534 555 1580 arvi,
586 1541 718 1572 tamen
747 1533 788 1572 id
817 1542 954 1572 natura
982 1547 1051 1572 sua
1080 1533 1116 1571 vi

111 1599 295 1639 Sentibus
323 1599 507 1644 obducat,
537 1598 579 1636 ni
607 1598 664 1636 vis
694 1599 866 1637 humana
895 1598 1045 1637 resistat

111 1664 217 1703 Vitai
245 1677 363 1702 causa
390 1663 522 1702 valido
551 1670 741 1702 consueta
768 1662 920 1702 bidenti

113 1730 318 1779 Ingemere
346 1735 384 1767 et
412 1735 553 1766 terram
582 1729 725 1777 pressis
753 1727 1005 1777 proscindere
1035 1727 1177 1766 aratris.

113 1791 153 1831 Si
178 1804 260 1830 non
288 1792 475 1830 fecundas
504 1798 699 1829 vertentes
728 1804 886 1829 vomere
915 1792 1049 1840 glebas

112 1855 325 1906 Terrajque
353 1856 480 1894 solum
510 1854 735 1904 subigentes
765 1854 890 1892 cimus
918 1855 969 1892 ad
999 1862 1116 1900 ortus,

112 1921 262 1970 Sponte
289 1933 359 1958 sua
387 1926 585 1969 nequeant
614 1918 782 1967 liquidas
813 1917 978 1957 existere
1005 1917 1045 1955 in
1075 1931 1199 1964 auraS,

114 1986 165 2023 Et
192 1991 324 2023 tamen
352 1983 548 2022 interdurn
577 1995 721 2032 magno
750 1982 928 2031 quaesita
955 1984 1089 2021 labore

114 2049 217 2087 Cum
245 2047 322 2085 iarn
350 2059 420 2096 per
447 2054 566 2085 terras
594 2046 778 2085 frondent
807 2054 925 2095 atque
954 2046 1087 2084 omnia
1115 2047 1264 2091 florent,

115 2114 193 2151 Aut
220 2110 350 2149 nimiis
378 2117 497 2149 torret
525 2109 740 2149 fervoribus
768 2110 961 2148 aetherius
991 2110 1051 2148 sol

113 2178 194 2214 Aut
222 2175 339 2214 subiti
367 2182 573 2224 peremunt
600 2174 745 2213 imbres
773 2174 1006 2224 gelidaeque
1034 2175 1206 2224 pnuinae‚

116 2239 335 2287 Flabraque
362 2246 567 2276 ventorum
597 2238 771 2276 violento
799 2237 951 2276 turbine
980 2245 1130 2275 vexant.

1240 2240 1314 2286 xs

1361 187 1430 234 185

1362 519 1435 553 190

1363 839 1432 877 Ι95

1360 1162 1436 1186 200

1361 1482 1431 1520 205

1362 1806 1436 1830 210

1362 2125 1432 2161 215
