1648 2452
541 71 729 108 LIBER
773 70 808 118 Q
819 69 1048 107 UJNTUS.

135 153 466 204 Quandoquidem
494 155 637 192 claram
665 154 838 203 speciem
865 160 1091 201 certamque
1120 151 1280 201 figuram

135 219 310 265 Praebet,
339 224 383 256 ut
408 225 468 256 est
496 216 572 256 oris
600 217 782 255 extremis
812 229 980 265 cumque
1009 217 1148 254 notata

134 282 369 331 Quantaque
397 287 579 330 quantast
607 280 700 318 hinc
728 280 844 318 nobis
872 279 1048 318 videatur
1076 279 1117 316 in
1145 279 1237 316 alto.

134 347 336 384 Postremo
363 357 633 394 quoscumque
660 346 771 383 vides
798 344 890 383 hinc
918 343 1084 383 aetheris
1112 343 1221 393 ignes
1236 357 1246 390 ;

134 409 464 458 Quandoquidem
493 421 764 458 quoscumque
792 408 832 446 in
861 408 969 447 terris
998 407 1195 446 cernimus
1223 407 1346 457 ignes,

134 474 239 510 Dum
267 481 411 511 tremor
438 481 497 512 est
525 474 661 520 clarus,
693 474 788 511 dum
818 473 987 511 cernitur
1014 474 1130 511 ardor
1158 484 1304 518 eorum,

134 539 372 587 Perparvum
401 537 591 586 quiddam
621 537 817 576 interdum
846 545 997 575 mutare
1026 536 1179 574 videtur

133 603 303 640 Alteram
331 609 456 640 utram
485 601 526 640 in
553 610 703 652 partem
731 603 850 648 filum,
882 615 962 651 quo
991 601 1145 651 longius
1173 601 1314 639 absunt
1324 615 1333 647 3

131 665 236 705 Scire
262 666 353 705 licet
382 679 570 716 perquam
598 666 772 716 pauxillo
802 679 920 715 posse
949 666 1120 704 minores

132 731 228 768 Esse
257 731 317 768 vel
345 729 484 779 exigua
511 729 677 768 maiores
706 737 815 779 parte
843 729 1043 779 brevique.

182 795 286 832 Illud
312 793 406 833 item
437 807 518 833 non
547 802 604 832 est
633 794 864 840 mirandum,
896 807 973 843 qua
1001 793 1152 832 ratione

129 858 323 896 Tantulus
350 857 416 896 ille
444 865 562 907 queat
589 866 741 896 tantum
771 860 829 897 sol
858 859 1011 897 mittere
1040 860 1185 904 lumen,

131 921 251 970 Quod
279 920 398 959 maria
427 934 474 959 ac
501 928 620 960 terras
650 934 786 960 omnes
816 923 1048 970 caelumque
1078 921 1240 971 rigando

130 986 339 1034 Compleat
366 992 404 1023 et
433 984 562 1024 calido
590 986 798 1035 perfundat
827 993 969 1023 cuncta
997 979 1150 1035 vapore.

131 1050 234 1087 Nam
263 1048 358 1087 lice't
381 1048 474 1086 hinc
494 1049 632 1087 mundi
660 1050 900 1097 patefactum
929 1049 1047 1087 totius
1075 1062 1197 1086 unum

131 1109 367 1162 Largifluum
395 1113 546 1150 fontem
576 1113 724 1150 scatere
752 1102 869 1161 atque
898 1124 1100 1161 erumpere
1129 1113 1273 1159 lumen,

132 1177 191 1213 Ex
217 1175 327 1214 omni
354 1176 503 1214 mundo
532 1175 623 1224 quia
651 1175 707 1213 sic
735 1176 931 1213 elementa
958 1176 1111 1224 vaporis

130 1240 319 1288 Undique
348 1237 588 1290 conveniunt
615 1245 654 1276 et
683 1238 738 1276 sic
766 1239 967 1277 coniectus
998 1252 1133 1277 eorum

131 1303 315 1350 Confluit,
345 1317 393 1342 ex
420 1317 500 1342 uno
529 1302 656 1353 capite
684 1303 749 1340 hic
777 1310 819 1340 ut
847 1304 1014 1353 profluat
1043 1305 1166 1343 ardor.

136 1370 283 1407 Nonne
311 1369 422 1406 vides
451 1368 568 1406 etiam
597 1380 715 1416 quam
745 1368 822 1405 late
850 1380 992 1416 parvus
1020 1368 1134 1417 aquai

132 1434 245 1471 Prata
271 1432 368 1482 riget
396 1433 483 1470 fons
512 1431 708 1469 interdum
738 1431 965 1481 campisque
994 1433 1215 1470 redundet?

131 1497 202 1536 Est
230 1496 346 1535 etia‘m
376 1509 536 1546 quoque
565 1495 621 1533 uti
650 1508 730 1534 non
759 1508 902 1545 magno
931 1496 1022 1534 solis
1051 1497 1102 1534 ab
1132 1496 1210 1546 igni

131 1561 234 1599 Aera
260 1549 450 1609 p'ercipiat
479 1559 613 1598 calidis
641 1559 854 1598 fervoribus
882 1561 1008 1611 ardor,

132 1625 389 1673 Opportunus
417 1623 470 1661 ita
499 1630 558 1661 est
586 1621 617 1660 si
646 1624 744 1661 forte
774 1630 812 1661 et
840 1623 1005 1662 idoneus
1034 1637 1111 1671 aer,

137 1689 194 1727 Ut
223 1696 341 1738 queat
369 1689 533 1726 accendi
563 1688 690 1736 parvis
719 1688 921 1726 ardoribus
950 1688 1050 1727 ictus
1066 1704 1075 1735 ;

121 1747 252 1800 χ(29οᾶ
279 1764 401 1801 genus
431 1751 626 1805 interdum
656 1759 806 1801 segetes
835 1752 1098 1802 stipulamque
1125 1752 1302 1792 videmus

132 1814 321 1854 Accidere
350 1828 398 1854 ex
425 1828 504 1852 una
532 1814 697 1852 scintilla
725 1815 908 1853 incendia
935 1816 1088 1864 passim.

133 1879 309 1917 Forsitan
338 1886 377 1916 et
404 1891 517 1917 rosea
544 1879 602 1916 sol
630 1879 708 1916 alte
736 1879 918 1928 lampade
946 1880 1080 1917 lucens

134 1941 336 1981 Possideat
364 1942 530 1979 multum
559 1933 685 1979 caecis
714 1941 927 1980 fervoribus
957 1942 1086 1991 ignem

134 2005 291 2044 Circum
320 2018 373 2051 se,
403 2005 511 2042 nullo
541 2004 607 2053 qui
636 2004 684 2042 sit
712 2005 859 2053 fulgore
887 2012 1057 2055 notatus,

135 2067 300 2108 Aestifer
327 2074 370 2104 ut
398 2074 551 2105 tantum
579 2066 774 2104 radiorum
803 2075 990 2116 exaugeat
1018 2067 1148 2107 ictum.

188 2131 275 2169 Nec
303 2129 400 2168 ratio
429 2129 521 2168 solis
550 2129 714 2179 simplex
743 2137 780 2167 et
809 2137 913 2168 certa
941 2132 1118 2179 patescit,

136 2196 227 2245 Quo
254 2201 370 2244 pacto
398 2193 552 2232 aestivis
581 2207 602 2232 e
630 2193 806 2244 partibus
835 2196 1075 2243 aegocerotis

1407 80 1452 114 19

1376 343 1448 391 585

1376 675 1452 713 590

1374 997 1447 1036 595

1372 1248 1449 1278 000

1373 1564 1445 1610 605

1374 1884 1450 1919 610

1374 2201 1447 2248 615
