1648 2452
557 72 742 109 LIBER
783 72 1054 119 QUINTUS.
1445 81 1465 122 5

150 154 228 203 Qui
255 154 405 193 ratione
434 167 503 193 sua
531 154 749 193 disturbent
777 153 932 192 moenia
960 154 1097 192 mundi

150 219 475 268 Praeclarumque
501 218 625 257 velint
653 218 751 258 caeli
778 218 1017 268 restinguere
1046 217 1180 265 solem,
1395 233 1468 258 120

148 281 377 332 Inmortalia
404 281 556 320 mortali
584 295 763 320 sermone
791 289 998 329 notante53

148 345 260 395 Quae
288 347 424 395 procul
451 359 575 396 usque
603 348 705 385 adeo
735 346 868 385 divino
896 360 919 384 a
947 346 1108 385 numine
1135 347 1293 393 distant,

148 410 275 459 Inque
304 410 421 448 deum
450 422 613 449 numero
643 422 743 459 quae
773 410 849 448 sint
878 410 1037 459 indigna
1064 409 1255 458 videntur,

148 473 339 513 Notitiam
366 473 496 524 potius
524 475 709 524 praebere
737 481 780 512 ut
808 487 925 524 posse
955 482 1140 523 putentur

148 539 255 588 Quid
284 539 333 579 sit
361 539 467 578 vitali
497 547 607 578 motu
636 553 832 590 sensuque
861 548 1067 579 remotum.
1397 556 1438 578 12
1447 555 1465 591 5

148 603 306 654 Quippe
335 602 480 642 etenim
508 616 589 641 non
618 611 687 650 est,
717 616 809 641 curn
838 603 977 652 quovis
1007 616 1168 653 corpore
1196 612 1239 642 ut
1268 617 1352 642 esse

148 669 269 707 Posse
296 667 416 706 animi
445 676 580 706 natura
609 675 765 717 putetur
794 668 1103 718 consiliumque3

145 733 252 771 Sicut
279 731 320 771 in
347 733 504 771 aethere
533 746 614 772 non
644 734 768 780 arbor,
800 746 881 772 non
909 747 1079 783 aequore
1108 735 1211 772 salso

147 797 284 836 Nubes
313 809 398 835 esse
427 803 576 846 queunt
604 809 732 846 neque
761 796 888 846 pisces
918 797 1046 836 vivere
1075 797 1114 836 in
1144 798 1241 836 arvis

145 861 232 899 Nec
259 872 372 898 cruor
399 859 439 898 in
467 859 579 910 lignis
608 873 738 910 neque
766 860 866 899 saxis
896 874 1012 899 sucus
1039 860 1175 899 inesse.
1394 876 1466 910 130

146 925 309 963 Certum
337 936 384 961 ac
413 922 685 973 dispositumst
712 924 778 962 ubi
809 923 997 974 quicquid
1027 933 1174 963 crescat
1204 932 1241 963 et
1269 924 1370 963 insit.

144 987 209 1026 Sic
237 986 523 1048 ψει
551 986 688 1037 nequit
716 987 799 1026 sine
829 982 994 1037 corpore
1023 988 1112 1029 oriri

144 1053 393 1106 Sola‚neque
421 1065 445 1091 a
472 1051 599 1091 nervis
628 1059 668 1091 et
696 1052 883 1101 sanguine
913 1052 1078 1102 longiter
1107 1065 1201 1091 esse.

145 1117 265 1166 Quod
293 1117 326 1155 si
354 1118 506 1168 (posset
534 1117 639 1156 enim
667 1117 792 1154 multo
822 1116 942 1166 prius)
973 1116 1057 1166 ipsa
1085 1116 1205 1154 animi
1233 1116 1290 1156 vis

144 1182 194 1220 In
223 1181 350 1231 capite
379 1189 446 1220 aut
474 1180 618 1220 umeris
647 1189 713 1219 aut
742 1180 830 1219 imis
859 1182 1031 1220 calcibus
1062 1195 1146 1220 esse
1392 1195 1462 1231 135

144 1248 283 1286 Posset
310 1253 350 1286 et
377 1245 527 1284 innasci
555 1246 690 1296 quavis
718 1244 759 1283 in
787 1252 908 1295 parte,
940 1247 1080 1285 soleret

143 1312 325 1365 Tandem
354 1311 394 1350 in
423 1311 563 1350 eodem
593 1310 752 1349 homine
781 1318 899 1360 atque
928 1311 967 1348 in
996 1312 1137 1350 eodem
1166 1324 1255 1349 vase
1283 1324 1450 1350 manere.

144 1368 265 1423 Quod
293 1374 480 1424 quoniam
509 1372 660 1412 nostrox
674 1374 831 1424 quo'que
860 1366 1014 1413 constat
1043 1388 1207 1424 corpore
1235 1383 1383 1413 certum

144 1438 469 1489 Dispositumque
497 1438 650 1477 videtur
677 1438 744 1476 ubi
774 1451 858 1477 esse
887 1446 925 1477 et
955 1452 1126 1478 crescere
1155 1438 1278 1488 possit

143 1503 325 1541 Seorsum
344 1502 476 1540 anima
495 1510 614 1551 atque
634 1501 798 1548 animus,
821 1509 930 1540 tanto
951 1503 1073 1551 magis
1092 1502 1338 1541 infitiandum
1391 1518 1463 1551 140

142 1568 291 1605 Totum
318 1578 436 1616 posse
465 1573 572 1604 extra
599 1578 741 1616 corpus
769 1567 1013 1616 formamque
1042 1567 1251 1606 animalem

143 1629 325 1668 Putribus
354 1629 394 1667 in
423 1629 546 1679 glebis
574 1636 760 1667 terrarum
788 1637 855 1668 aut
883 1631 976 1668 solis
1005 1629 1045 1667 in
1074 1629 1152 1679 igni

142 1696 221 1733 Aut
249 1695 289 1732 in
317 1707 422 1744 aqua
449 1695 588 1733 durare
616 1702 682 1733 aut
711 1693 799 1733 altis
827 1694 996 1733 aetheris
1025 1694 1111 1734 oris.

142 1759 266 1797 Haud
294 1758 409 1809 igitur
436 1765 619 1797 constant
647 1758 781 1798 divino
809 1759 986 1808 praedita
1013 1772 1141 1806 sensu,

141 1822 474 1872 Quandoquidem
502 1830 706 1872 nequeunt
736 1823 901 1862 vitaliter
927 1836 1012 1862 esse
1041 1824 1225 1863 animata.
1388 1838 1458 1875 145

118 1885 152 1897 θ
195 1888 300 1926 Illud
327 1887 422 1926 item
451 1900 532 1926 non
560 1894 619 1926 est
646 1894 689 1925 ut
717 1887 843 1936 possis
872 1888 1040 1936 credere,
1073 1889 1186 1926 sedes

141 1953 238 1990 Esse
265 1951 384 1990 deum
412 1958 568 1989 sanctas
595 1950 636 1988 in
665 1950 802 1988 mundi
830 1951 1004 2001 partibus
1031 1952 1129 1990 ullis.

139 2014 288 2054 Tenuis
316 2014 420 2053 enim
449 2022 586 2053 natura
613 2015 730 2054 deum
759 2017 957 2065 longeque
985 2024 1136 2056 remota

140 2078 326 2118 Sensibus
353 2079 405 2117 ab
433 2078 575 2118 nostris
603 2079 724 2118 animi
751 2080 815 2118 vix
842 2088 974 2119 mente
1001 2081 1178 2128 videtur;

141 2142 254 2190 Quae
283 2143 468 2192 quoniam
497 2157 683 2182 manuum
712 2150 859 2182 tactum
889 2144 1043 2195 suffugit
1071 2153 1109 2184 et
1138 2145 1271 2191 ictum,
1387 2158 1459 2195 150

140 2206 175 2243 T
179 2205 292 2244 actile
321 2206 376 2244 nil
403 2206 519 2245 nobis
548 2207 655 2255 quod
684 2206 731 2244 sit
761 2207 985 2256 contingere
1014 2209 1141 2246 debet.
