1648 2452
215 115 260 150 18
555 113 643 149 DE
680 111 908 149 RERUM
937 112 1185 150 NATURA

212 198 290 237 Sed
318 197 459 247 pariter
485 196 609 247 prima
637 204 830 246 concepta
858 198 909 235 ab
938 197 1088 246 origine
1116 196 1254 235 mundi

212 263 408 311 Certaque
436 274 524 311 pars
554 261 646 307 eius,
677 260 788 309 quasi
817 260 930 299 nobis
960 262 1136 298 membra
1163 261 1351 300 videntur.

212 329 413 365 Praeterea
440 325 576 375 grandi
605 324 750 363 tonitru
779 337 970 363 concussa
998 333 1158 374 repente
1458 336 1535 374 550

210 392 331 428 Terra
359 402 473 438 supra
502 401 602 438 quae
631 401 672 427 se
701 395 791 426 sunt
819 387 994 426 concutit
1023 387 1155 426 omnia
1184 397 1294 427 motu
1309 404 1318 436 ;

212 453 331 501 Quod
360 454 486 491 facere
514 453 620 490 haud
650 452 727 490 ulla
755 459 888 501 posset
917 451 1076 498 ratione,
1107 451 1181 489 nisi
1210 459 1311 490 esset

214 517 390 555 Partibus
419 515 530 571 aeriis
559 515 694 554 mundi
723 516 912 564 caeloque
946 514 1128 553 revincta.

214 583 314 619 Nam
345 580 619 618 communibus
648 580 747 618 inter
775 593 816 618 se
845 579 1039 618 radicibus
1067 580 1227 618 haerent

213 647 273 683 Ex
300 644 461 682 ineunte
490 657 587 682 aevo
615 644 827 682 coniuncta
854 651 971 692 atque
1000 642 1127 681 uniter
1155 652 1256 692 apta.
1460 655 1533 693 555

213 711 359 748 Nonne
387 708 494 747 vides
524 708 640 747 etiam
671 722 790 758 quam
819 721 963 758 magno
992 709 1167 758 pondere
1196 708 1310 746 nobis

212 774 408 813 Sustineat
437 786 579 822 corpus
608 772 837 811 tenuissima
864 773 922 810 vis
950 773 1094 810 animai

214 841 426 887 Propterea
453 837 546 887 quia
573 845 653 875 tarn
683 836 894 875 coniuncta
921 845 1039 886 atque
1068 837 1196 876 uniter
1224 846 1315 887 apta
1344 839 1431 876 est?

214 902 398 951 Denique
427 901 504 940 iarn
534 902 633 939 saltu
662 901 811 951 pernici
841 902 976 939 tollere
1005 914 1147 951 corpus

215 967 322 1017 Quid
347 966 450 1016 potis
476 974 533 1004 est
559 965 633 1003 nisi
653 965 710 1004 vis
740 965 861 1003 animi
885 979 985 1015 quae
1012 966 1186 1004 membra
1212 968 1433 1015 gubernat?
1464 969 1539 1016 560

215 1034 352 1071 Iamne
380 1031 489 1069 vides
517 1038 708 1081 quantum
738 1030 866 1068 tenuis
895 1039 1032 1068 natura
1060 1032 1187 1069 valere

216 1095 352 1143 Possit,
383 1095 450 1133 ubi
479 1102 538 1133 est
566 1094 777 1133 coniuncta
804 1094 910 1144 gravi
939 1107 1028 1132 cum
1057 1108 1232 1144 corpore,
1262 1103 1305 1143 ut
1333 1108 1398 1134 aer

215 1160 460 1200 Coniunctus
489 1159 597 1198 terris
627 1167 664 1198 et
694 1158 810 1197 nobis
840 1166 898 1197 est
927 1159 1049 1197 animi
1077 1160 1163 1197 vis?

270 1227 355 1263 Nec
384 1224 507 1263 nimio
536 1224 629 1262 solis
658 1223 782 1261 maior
809 1230 895 1261 rota
923 1236 998 1262 nec
1027 1225 1153 1261 minor
1181 1225 1298 1262 ardor

215 1292 314 1329 Esse
342 1297 482 1340 potest,
514 1288 655 1327 nostris
685 1301 803 1338 quam
834 1289 1013 1334 sensibus
1042 1300 1127 1327 esse
1155 1288 1317 1327 videtur.
1466 1292 1539 1339 565

217 1357 320 1393 Nam
349 1353 493 1404 quibus
522 1366 544 1391 e
573 1352 707 1402 spatiis
737 1365 906 1401 cumque
936 1352 1046 1401 ignes
1074 1351 1222 1390 lumina
1251 1360 1416 1402 possunt

216 1418 383 1457 Adicere
412 1425 450 1455 et
478 1416 651 1455 calidum
681 1415 868 1454 membris
897 1416 1041 1454 adflare
1070 1428 1268 1465 vaporem,

217 1482 283 1520 Nil
312 1482 377 1519 illa
405 1483 464 1519 his
495 1480 706 1518 intervallis
735 1481 786 1518 de
814 1492 980 1529 corpore
1009 1480 1133 1518 libant

216 1546 492 1592 Flammarum,
520 1544 575 1582 nil
603 1544 654 1581 ad
683 1543 855 1593 speciem
885 1551 943 1582 est
972 1542 1209 1582 contractior
1236 1542 1345 1593 ignis.

218 1609 398 1655 Proinde,
428 1608 534 1646 calor
562 1607 751 1656 quoniam
781 1607 873 1645 solis
902 1608 1115 1656 lumenque
1144 1608 1344 1656 profusum
1466 1619 1543 1658 570

218 1673 453 1713 Perveniunt
481 1681 636 1711 nostros
665 1673 713 1711 ad
744 1685 881 1711 sensus
910 1680 949 1711 et
978 1673 1064 1710 loca
1094 1673 1278 1718 mulcent,

218 1741 362 1778 Forma
389 1751 546 1788 quoque
574 1737 667 1775 hinc
696 1736 788 1775 solis
817 1737 936 1775 debet
966 1737 1155 1785 filumque
1184 1735 1318 1783 videri,

219 1803 285 1840 Nil
314 1802 414 1840 adeo
442 1809 486 1839 ut
513 1801 638 1851 possis
667 1801 755 1850 plus
784 1808 851 1838 aut
880 1799 1009 1838 minus
1038 1800 1195 1847 addere,
1226 1812 1326 1837 vere.

218 1867 410 1915 Lunaque
438 1865 519 1904 sive
546 1866 671 1903 notho
698 1865 816 1903 fertur
843 1865 931 1903 loca
959 1863 1108 1902 lumine
1137 1865 1303 1901 lustrans
1465 1875 1540 1913 575

219 1932 306 1969 Sive
335 1943 445 1968 suam
475 1929 631 1979 proprio
660 1928 778 1967 iactat
806 1929 857 1968 de
886 1941 1049 1978 corpore
1078 1929 1217 1975 lucem,

219 1993 426 2043 Quidquid
453 1993 493 2032 id
522 2000 592 2039 est,
622 1993 703 2030 nilo
733 1994 852 2031 fertur
879 1992 1027 2031 maiore
1055 1993 1176 2042 figura

219 2060 361 2107 Quam,
391 2057 533 2096 nostris
562 2057 686 2096 oculis
715 2070 793 2106 qua
821 2057 1029 2104 cernimus,
1059 2069 1145 2095 esse
1172 2055 1335 2094 videtur.

221 2123 324 2160 Nam
351 2120 457 2171 prius
485 2120 629 2166 omnia,
660 2133 760 2170 quae
790 2121 906 2170 longe
935 2127 1087 2158 semota
1116 2128 1270 2158 tuemur

221 2188 324 2224 Aera
350 2197 420 2235 per
447 2186 627 2232 multum,
658 2184 789 2236 specie
817 2185 980 2223 confusa
1008 2184 1189 2223 videntur
1467 2187 1545 2236 580

222 2251 352 2297 Quam
382 2248 505 2287 minui
534 2246 654 2287 filum.
713 2249 962 2298 Quapropter
990 2249 1083 2286 luna
1111 2260 1273 2286 necesse
1302 2255 1374 2293 est,
